@INPROCEEDINGS{Alves2014:demo,
  author = {Everton Alves and Myoungkyu Song and Miryung Kim},
  title = {RefDistiller: A Refactoring Aware Code Review Tool for Inspecting Manual Refactoring Edits},
  booktitle = {International Symposium on Foundations of Software Engineering, Research
  Demonstration Track},
  year = {2014},
  pages = {4},
  owner = {miryung},
  timestamp = {2014.08.30}
}

@inproceedings{kim2012field,
  title={A field study of refactoring challenges and benefits},
  author={Kim, Miryung and Zimmermann, Thomas and Nagappan, Nachiappan},
  booktitle={Proceedings of the ACM SIGSOFT 20th International Symposium on the Foundations of Software Engineering},
  pages={50},
  year={2012},
  organization={ACM}
}

@incollection{negara2013comparativel,
  title={A comparative study of manual and automated refactorings},
  author={Negara, Stas and Chen, Nicholas and Vakilian, Mohsen and Johnson, Ralph E and Dig, Danny},
  booktitle={ECOOP 2013--Object-Oriented Programming},
  pages={552--576},
  year={2013},
  publisher={Springer}
}

@inproceedings{vakilian2012use,
 author = {Vakilian, Mohsen and Chen, Nicholas and Negara, Stas and Rajkumar, Balaji Ambresh and Bailey, Brian P. and Johnson, Ralph E.},
 title = {Use, Disuse, and Misuse of Automated Refactorings},
 booktitle = {Proceedings of the 34th International Conference on Software Engineering},
 series = {ICSE '12},
 year = {2012},
 isbn = {978-1-4673-1067-3},
 location = {Zurich, Switzerland},
 pages = {233--243},
 numpages = {11}
} 

@inproceedings{ge2014towards,
  title={Towards refactoring-aware code review},
  author={Ge, Xi and Sarkar, Saurabh and Murphy-Hill, Emerson},
  booktitle={Proceedings of the 7th International Workshop on Cooperative and Human Aspects of Software Engineering},
  pages={99--102},
  year={2014},
  organization={ACM}
}

@article{tsantalis2009identification,
  title={Identification of move method refactoring opportunities},
  author={Tsantalis, Nikolaos and Chatzigeorgiou, Alexander},
  journal={Software Engineering, IEEE Transactions on},
  volume={35},
  number={3},
  pages={347--367},
  year={2009},
  publisher={IEEE}
}

@article{fokaefs2012identification,
  title={Identification and application of extract class refactorings in object-oriented systems},
  author={Fokaefs, Marios and Tsantalis, Nikolaos and Stroulia, Eleni and Chatzigeorgiou, Alexander},
  journal={Journal of Systems and Software},
  volume={85},
  number={10},
  pages={2241--2260},
  year={2012},
  publisher={Elsevier}
}

@inproceedings{ge2012reconciling,
  title={Reconciling manual and automatic refactoring},
  author={Ge, Xi and DuBose, Quinton L and Murphy-Hill, Emerson},
  booktitle={34th International Conference on Software Engineering (ICSE)},
  pages={211--221},
  year={2012},
  organization={IEEE}
}

@inproceedings{foster2012witchdoctor,
  title={WitchDoctor: IDE support for real-time auto-completion of refactorings},
  author={Foster, Stephen R and Griswold, William G and Lerner, Sorin},
  booktitle={Proceedings of the 2012 International Conference on Software Engineering},
  pages={222--232},
  year={2012},
  organization={IEEE Press}
}

@article{murphy2006java,
  title={How are Java software developers using the Elipse {IDE}?},
  author={Murphy, Gail C and Kersten, Mik and Findlater, Leah},
  journal={Software, IEEE},
  volume={23},
  number={4},
  pages={76--83},
  year={2006},
  publisher={IEEE}
}

@inproceedings{kim2011empirical,
  title={An empirical investigation into the role of API-level refactorings during software evolution},
  author={Kim, Miryung and Cai, Dongxiang and Kim, Sunghun},
  booktitle={Proceedings of the 33rd International Conference on Software Engineering},
  pages={151--160},
  year={2011},
  organization={ACM}
}

@inproceedings{weissgerber2006refactorings,
  title={Are refactorings less error-prone than other changes?},
  author={Wei{\ss}gerber, Peter and Diehl, Stephan},
  booktitle={Proceedings of the 2006 international Workshop on Mining Software Repositories},
  pages={112--118},
  year={2006},
  organization={ACM}
}

@inproceedings{bavota2012does,
  title={When does a refactoring induce bugs? An empirical study},
  author={Bavota, Gabriele and De Carluccio, Bernardino and De Lucia, Andrea and Di Penta, Massimiliano and Oliveto, Rocco and Strollo, Orazio},
  booktitle={IEEE 12th International Working Conference on Source Code Analysis and Manipulation (SCAM)},
  pages={104--113},
  year={2012},
  organization={IEEE}
}

@article{alves2016prioritizing,
  title={Prioritizing test cases for early detection of refactoring faults},
  author={Alves, Everton LG and Machado, Patr{\'\i}cia DL and Massoni, Tiago and Kim, Miryung},
  journal={Software Testing, Verification and Reliability},
  year={2016},
  publisher={Wiley Online Library}
}

@inproceedings{soares2011analyzing,
  title={Analyzing refactorings on software repositories},
  author={Soares, Gustavo and Catao, Bruno and Varjao, Catuxe and Aguiar, Solon and Gheyi, Rohit and Massoni, Tiago},
  booktitle={Software Engineering (SBES), 2011 25th Brazilian Symposium on},
  pages={164--173},
  year={2011},
  organization={IEEE}
}

@inproceedings{fraser2011evosuite,
  title={EvoSuite: automatic test suite generation for object-oriented software},
  author={Fraser, Gordon and Arcuri, Andrea},
  booktitle={Proceedings of the 19th ACM SIGSOFT symposium and the 13th European conference on Foundations of software engineering},
  pages={416--419},
  year={2011},
  organization={ACM}
}

@ARTICLE{soares2010making, 
author={Soares, G. and Gheyi, R. and Serey, D. and Massoni, T.}, 
journal={Software, IEEE}, 
title={Making Program Refactoring Safer}, 
year={2010}, 
month={July}, 
volume={27}, 
number={4}, 
pages={52-57},  
ISSN={0740-7459}
}

@article{soares2013,
  title={Automated behavioral testing of refactoring engines},
  author={Soares, Gustavo and Gheyi, Rohit and Massoni, Tiago},
  journal={IEEE Transactions on Software Engineering},
  volume={39},
  number={2},
  pages={147--162},
  year={2013},
  publisher={IEEE}
}

@inproceedings{geManual2014,
  title={Manual Refactoring Changes with Automated Refactoring Validation},
  author={Ge, Xi and Murphy-Hill, Emerson},
  booktitle={Software Engineering (ICSE 2014) 36th International Conference on},
  year={2014},
  organization={IEEE}
}

@inproceedings{rachatasumrit2012empirical,
  title={An empirical investigation into the impact of refactoring on regression testing},
  author={Rachatasumrit, Napol and Kim, Miryung},
  booktitle={28th IEEE International Conference on Software Maintenance (ICSM)},
  pages={357--366},
  year={2012},
  organization={IEEE}
}

@article{collofello1989evaluating,
  title={Evaluating the effectiveness of reliability-assurance techniques},
  author={Collofello, James S and Woodfield, Scott N},
  journal={Journal of Systems and Software},
  volume={9},
  number={3},
  pages={191--195},
  year={1989},
  publisher={Elsevier}
}

@article{vesey1985expertise,
  title={Expertise in debugging computer programs},
  author={Vesey, I},
  journal={International Journal of Man-Machine Studies},
  volume={23},
  number={5},
  pages={459--494},
  year={1985}
}

@inproceedings{parnin2011automated,
  title={Are automated debugging techniques actually helping programmers?},
  author={Parnin, Chris and Orso, Alessandro},
  booktitle={Proceedings of the 2011 International Symposium on Software Testing and Analysis},
  pages={199--209},
  year={2011},
  organization={ACM}
}

@inproceedings{prete2010template,
  title={Template-based reconstruction of complex refactorings},
  author={Prete, Kyle and Rachatasumrit, Napol and Sudan, Nikita and Kim, Miryung},
  booktitle={IEEE International Conference on Software Maintenance (ICSM)},
  pages={1--10},
  year={2010},
  organization={IEEE}
}

@book{fowler1999refactoring,
  title={Refactoring: improving the design of existing code},
  author={Fowler, Martin and Beck, Kent},
  year={1999},
  publisher={Addison-Wesley Professional}
}

@inproceedings{schaefer2010specifying,
  title={Specifying and implementing refactorings},
  author={Schaefer, Max and De Moor, Oege},
  booktitle={ACM Sigplan Notices},
  volume={45},
  number={10},
  pages={286--301},
  year={2010},
  organization={ACM}
}

@inproceedings{overbey2010collection,
  title={A collection of refactoring specifications for Fortran 95},
  author={Overbey, Jeffrey L and Fotzler, Matthew J and Kasza, Ashley J and Johnson, Ralph E},
  booktitle={ACM SIGPLAN Fortran Forum},
  volume={29},
  number={3},
  pages={11--25},
  year={2010},
  organization={ACM}
}

@article{cornelio2010sound,
  title={Sound refactorings},
  author={Corn{\'e}lio, M{\'a}rcio and Cavalcanti, Ana and Sampaio, Augusto},
  journal={Science of Computer Programming},
  volume={75},
  number={3},
  pages={106--133},
  year={2010},
  publisher={Elsevier}
}


@article{fluri2007change,
  title={Change distilling: Tree differencing for fine-grained source code change extraction},
  author={Fluri, Beat and Wursch, Michael and PInzger, Martin and Gall, Harald C},
  journal={Software Engineering, IEEE Transactions on},
  volume={33},
  number={11},
  pages={725--743},
  year={2007},
  publisher={IEEE}
}

@inproceedings{daniel2007automated,
  title={Automated testing of refactoring engines},
  author={Daniel, Brett and Dig, Danny and Garcia, Kely and Marinov, Darko},
  booktitle={Proceedings of the the 6th Joint meeting of the European Software Engineering Conference and the ACM SIGSOFT Symposium on the Foundations of Software Engineering},
  pages={185--194},
  year={2007},
  organization={ACM}
}

@inproceedings{gligoric2010test,
  title={Test generation through programming in UDITA},
  author={Gligoric, Milos and Gvero, Tihomir and Jagannath, Vilas and Khurshid, Sarfraz and Kuncak, Viktor and Marinov, Darko},
  booktitle={Proceedings of the 32nd ACM/IEEE International Conference on Software Engineering-Volume 1},
  pages={225--234},
  year={2010},
  organization={ACM}
}

@techreport{techRep,
     title = {Additional Artifacts for "Refactoring Inspection Support for Manual Refactoring Edits"},
     author = {Alves, Everton LG and Song, Myoungkyu and Kim, Miryung and Machado, Patricia DL and Massoni, Tiago},
     group = {SEAL},
     year = {2016},
     institution = {The University of Texas at Austin},
    note={\url{https://sites.google.com/site/refdistiller/TechnicalReport.pdf}}
}

@incollection{gligoric2013systematic,
  title={Systematic testing of refactoring engines on real software projects},
  author={Gligoric, M. and Behrang, F. and Li, Y. and Overbey, J. and Hafiz, M. and Marinov, D.},
  booktitle={ECOOP 2013 - Object-Oriented Programming},
  pages={629--653},
  year={2013},
  publisher={Springer}
}

@inproceedings{pacheco2007randoop,
  title={Randoop: feedback-directed random testing for Java},
  author={Pacheco, C. and Ernst, M.D.},
  booktitle={Companion to the 22nd ACM SIGPLAN conference on Object-Oriented Programming Systems and Applications},
  pages={815--816},
  year={2007},
  organization={ACM}
}

@inproceedings{do2004infrastructure,
  title={Infrastructure support for controlled experimentation with software testing and regression testing techniques},
  author={Do, H. and Elbaum, S. and Rothermel, G.},
  booktitle={Empirical Software Engineering, 2004. ISESE'04. Proceedings. 2004 International Symposium on},
  pages={60--70},
  year={2004},
  organization={IEEE}
}

@inproceedings{opdyke1990refactoring,
  title={Refactoring: An aid in designing application frameworks and evolving object-oriented systems},
  author={Opdyke, William F},
  booktitle={Proc. 1990 Symposium on Object-Oriented Programming Emphasizing Practical Applications (SOOPPA)},
  year={1990}
}

@article{murphy2012we,
  title={How we refactor, and how we know it},
  author={Murphy-Hill, Emerson and Parnin, Chris and Black, Andrew P},
  journal={IEEE Transactions on Software Engineering},
  volume={38},
  number={1},
  pages={5--18},
  year={2012},
  publisher={IEEE}
}

@inproceedings{murphy2008breaking,
  title={Breaking the barriers to successful refactoring},
  author={Murphy-Hill, Emerson and Black, Andrew P},
  booktitle={ICSE'08. ACM/IEEE 30th International Conference on Software Engineering},
  pages={421--430},
  year={2008},
  organization={IEEE}
}


@article{mens2004survey,
  title={A survey of software refactoring},
  author={Mens, Tom and Tourw{\'e}, Tom},
  journal={IEEE Transactions on Software Engineering},
  volume={30},
  number={2},
  pages={126--139},
  year={2004},
  publisher={IEEE}
}

@article{mens2005formalizing,
  title={Formalizing refactorings with graph transformations},
  author={Mens, Tom and Van Eetvelde, Niels and Demeyer, Serge and Janssens, Dirk},
  journal={Journal of Software Maintenance and Evolution: Research and Practice},
  volume={17},
  number={4},
  pages={247--276},
  year={2005},
  publisher={Wiley Online Library}
}

@inproceedings{overbey2011differential,
  title={Differential precondition checking: A lightweight, reusable analysis for refactoring tools},
  author={Overbey, Jeffrey L and Johnson, Ralph E},
  booktitle={26th IEEE/ACM International Conference on Automated Software Engineering (ASE)},
  pages={303--312},
  year={2011},
  organization={IEEE}
}

@article{mongiovi2013making,
  title={Making refactoring safer through impact analysis},
  author={Mongiovi, Melina and Gheyi, Rohit and Soares, Gustavo and Teixeira, Leopoldo and Borba, Paulo},
  journal={Science of Computer Programming},
  year={2013},
  publisher={Elsevier}
}

@inproceedings{ackerman1984software,
  title={Software inspections and the industrial production of software},
  author={Ackerman, A Frank and Fowler, Priscilla J and Ebenau, Robert G},
  booktitle={Proc. of a symposium on Software validation: Inspection-testing-verification-alternatives},
  pages={13--40},
  year={1984},
  organization={Elsevier North-Holland, Inc.}
}

@article{ackerman1989software,
  title={Software inspections: an effective verification process},
  author={Ackerman, A Frank and Buchwald, Lynne S and Lewski, Frank H},
  journal={IEEE software},
  number={3},
  pages={31--36},
  year={1989},
  publisher={IEEE}
}

@techreport{refAware:Ge,
     title = {Refactoring-Aware Code Review},
     author = {Xi Ge, Saurabh Sarkar, Jim Witschey, and Emerson Murphy-Hill},
     group = {Department of Computer Science},
     year = {2014},
     institution = {North Carolina State University},
    note={Paper under revision. Please contact the authors for a copy}
}


@INCOLLECTION{Negara2012,
  author = {Negara, Stas and Vakilian, Mohsen and Chen, Nicholas and Johnson,
	RalphE. and Dig, Danny},
  title = {Is It Dangerous to Use Version Control Histories to Study Source
	Code Evolution?},
  booktitle = {ECOOP 2012 – Object-Oriented Programming},
  publisher = {Springer, Berlin, Heidelberg},
  year = {2012},
  editor = {Noble, James},
  volume = {7313},
  series = {Lecture Notes in Computer Science},
  pages = {79-103},
  doi = {10.1007/978-3-642-31057-7_5},
  isbn = {978-3-642-31056-0},
  url = {http://dx.doi.org/10.1007/978-3-642-31057-7_5}
}
  
@inproceedings{vakilian2011need,
  title={The need for richer refactoring usage data},
  author={Vakilian, M and Chen, N. and Negara, S. and Rajkumar, B.A. and Zilouchian Moghaddam, R. and Johnson, R.E.},
  booktitle={Proceedings of the 3rd ACM SIGPLAN workshop on Evaluation and usability of programming languages and tools},
  pages={31--38},
  year={2011},
  organization={ACM}
}

@inproceedings{dig2005role,
  title={The role of refactorings in API evolution},
  author={Dig, Danny and Johnson, Ralph},
  booktitle={Software Maintenance, 2005. ICSM'05. Proceedings of the 21st IEEE International Conference on},
  pages={389--398},
  year={2005},
  organization={IEEE}
}

@inproceedings{alves2015test,
  title={Test coverage and impact analysis for detecting refactoring faults: a study on the extract method refactoring},
  author={Alves, Everton LG and Massoni, Tiago and Machado, Patr{\'\i}cia DL},
  booktitle={Proceedings of the 30th Annual ACM Symposium on Applied Computing},
  pages={1534--1540},
  year={2015},
  organization={ACM}
}

@article{alves2016test,
  title={Test coverage of impacted code elements for detecting refactoring faults: An exploratory study},
  author={Alves, Everton LG and Massoni, Tiago and de Lima Machado, Patr{\'\i}cia Duarte},
  journal={Journal of Systems and Software},
  year={2016},
  publisher={Elsevier}
}

@inproceedings{do2004empirical,
  title={Empirical studies of test case prioritization in a JUnit testing environment},
  author={Do, Hyunsook and Rothermel, Gregg and Kinneer, Alex},
  booktitle={15th International Symposium on Software Reliability Engineering, (ISSRE)},
  pages={113--124},
  year={2004},
  organization={IEEE}
}

@inproceedings{zhang2011empirical,
  title={An empirical study of junit test-suite reduction},
  author={Zhang, Lingming and Marinov, Darko and Zhang, Lu and Khurshid, Sarfraz},
  booktitle={IEEE 22nd International Symposium on Software Reliability Engineering (ISSRE)},
  pages={170--179},
  year={2011},
  organization={IEEE}
}
