
@misc{asm-url,
  author = {},
  title = {},
  howpublished = {\url{http://asm.ow2.org/}},
}

@misc{jdt-url,
  author = {},
  title = {},
  howpublished = {\url{http://www.eclipse.org/jdt/}},
}
@misc{tarantula-url,
  author = {},
  title = {},
  howpublished = {\url{http://pleuma.cc.gatech.edu/aristotle/Tools/tarantula/index.html}},
}
@inproceedings{zhang2011localizing,
  title={Localizing failure-inducing program edits based on spectrum information},
  author={Zhang, L. and Kim, M. and Khurshid, S.},
  booktitle={Proc. of ICSM},
  pages={23--32},
  year={2011},
  organization={IEEE}
}
@article{abreu2009practical,
  title={A practical evaluation of spectrum-based fault localization},
  author={Abreu, R. and Zoeteweij, P. and Golsteijn, R. and Van Gemund, A.J.C.},
  journal={Journal of Systems and Software},
  volume={82},
  number={11},
  pages={1780--1792},
  year={2009},
  publisher={Elsevier}
}
@article{zeller2001automated,
  title={Automated debugging: Are we close?},
  author={Zeller, A.},
  journal={Computer},
  volume={34},
  number={11},
  pages={26--31},
  year={2001},
  publisher={IEEE}
}

@article{elbaum2002test,
  title={Test case prioritization: A family of empirical studies},
  author={Elbaum, S. and Malishevsky, A.G. and Rothermel, G.},
  journal={IEEE Transactions on Software Engineering},
  volume={28},
  number={2},
  pages={159--182},
  year={2002},
  publisher={IEEE}
}

@conference{yu2008empirical,
  title={An empirical study of the effects of test-suite reduction on fault localization},
  author={Yu, Y. and Jones, J.A. and Harrold, M.J.},
  booktitle={Proc. of ICSE},
  pages={201--210},
  year={2008},
  organization={ACM}
}

@conference{liblit2005scalable,
  title={{Scalable statistical bug isolation}},
  author={Liblit, B. and Naik, M. and Zheng, A.X. and Aiken, A. and Jordan, M.I.},
  booktitle={Proc. of PLDI},
  pages={15--26},
  isbn={1595930566},
  year={2005},
  organization={ACM}
}
@conference{santelices2009lightweight,
  title={{Lightweight fault-localization using multiple coverage types}},
  author={Santelices, R. and Jones, JA and Yu, Y. and Harrold, MJ},
  booktitle={Proc. of ICSE},
  pages={56--66},
    year={2009},
  issn={0270-5257}
}
@conference{yu2008empirical,
  title={{An empirical study of the effects of test-suite reduction on fault localization}},
  author={Yu, Y. and Jones, J.A. and Harrold, M.J.},
  booktitle={Proc. of ICSE},
  pages={201--210},
  year={2008},
  organization={ACM}
}
@article{do2005supporting,
  title={{Supporting controlled experimentation with testing techniques: An infrastructure and its potential impact}},
  author={Do, H. and Elbaum, S. and Rothermel, G.},
  journal={Empirical Software Engineering},
  volume={10},
  number={4},
  pages={405--435},
  issn={1382-3256},
  year={2005}
}
@article{abreu2007accuracy,
  title={{On the accuracy of spectrum-based fault localization}},
  author={Abreu, R. and Zoeteweij, P. and Van Gemund, A.J.C.},
  year={2007},
  publisher={IEEE Computer Society}
}
@conference{baudry2006improving,
  title={{Improving test suites for efficient fault localization}},
  author={Baudry, B. and Fleurey, F. and Le Traon, Y.},
  booktitle={Proc. of ICSE},
  pages={82--91},
  isbn={1595933751},
  year={2006},
  organization={ACM}
}


@article{zeller2002simplifying,
  title={{Simplifying and isolating failure-inducing input}},
  author={Zeller, A. and Hildebrandt, R.},
  journal={IEEE TSE},
  pages={183--200},
  issn={0098-5589},
  year={2002}
}
@conference{cleve2005locating,
  title={{Locating causes of program failures}},
  author={Cleve, H. and Zeller, A.},
  booktitle={Proc. of ICSE},
  pages={342--351},
  year={2005}
}




@conference{ren2007heuristic,
  title={{Heuristic Ranking of Java Program Edits for Fault Localization}},
  author={Ren, X. and Ryder, B.G.},
  booktitle={Proc. of ISSTA},
  year={2007},
}
@conference{preter2010template,
  title={{Template-based Reconstruction of Complex Refactorings}},
  author={Kyle Prete and Napol Rachatasumrit and Nikita Sudan and Miryung Kim},
  booktitle={Proc. of ICSM},
  year={2010},
}
@conference{zeller1999yesterday,
  title={{Yesterday, my program worked. Today, it does not. Why?}},
  author={Zeller, A.},
  booktitle={Proc. of FSE},
  pages={253--267},
  year={1999},
  organization={Springer}
}
@conference{chesley2007crisp,
  title={{Crisp--A Fault Localization Tool for Java Programs}},
  author={Chesley, O.C. and Ren, X. and Ryder, B.G. and Tip, F.},
  booktitle={Proc. of ICSE},
  pages={775--779},
  year={2007}
}
@book{bohner1996software,
  title={{Software change impact analysis}},
  author={Bohner, S.A. and Arnold, R.S.},
  year={1996},
  publisher={Wiley-IEEE Computer Society Pr}
}

@conference{law2003whole,
  title={{Whole program path-based dynamic impact analysis}},
  author={Law, J. and Rothermel, G.},
  booktitle={Proc. of ICSE},
  pages={308--318},
  year={2003}
  }

@conference{orso2003leveraging,
  title={{Leveraging field data for impact analysis and regression testing}},
  author={Orso, A. and Apiwattanapong, T. and Harrold, M.J.},
  booktitle={Proc. of FSE},
  pages={128--137},
  year={2003},
  organization={ACM}
}

@conference{orso2004empirical,
  title={{An empirical comparison of dynamic impact analysis algorithms}},
  author={Orso, A. and Apiwattanapong, T. and Law, J. and Rothermel, G. and Harrold, M.J.},
  booktitle={Proc. of ICSE},
  pages={491--500},
  year={2004},
  organization={IEEE Computer Society}
}

@conference{jones2002visualization,
  title={{Visualization of test information to assist fault localization}},
  author={Jones, J.A. and Harrold, M.J. and Stasko, J.},
  booktitle={Proc. of ICSE},
  pages={477},
  year={2002},
  organization={ACM}
}
@article{harrold2001regression,
  title={{Regression test selection for Java software}},
  author={Harrold, M.J. and Jones, J.A. and Li, T. and Liang, D. and Orso, A. and Pennings, M. and Sinha, S. and Spoon, S.A. and Gujarathi, A.},
  journal={ACM SIGPLAN Notices},
  volume={36},
  number={11},
  pages={312--326},
  year={2001},
  publisher={ACM}
}
@article{rothermel1997safe,
  title={{A safe, efficient regression test selection technique}},
  author={Rothermel, G. and Harrold, M.J.},
  journal={ACM TOSEM},
  volume={6},
  number={2},
  pages={173--210},
  year={1997},
  publisher={ACM}
}
@conference{orso2004scaling,
  title={{Scaling regression testing to large software systems}},
  author={Orso, A. and Shi, N. and Harrold, M.J.},
  booktitle={Proc. of FSE},
  pages={241--251},
  year={2004},
  organization={ACM}
}
@conference{robbes2008spyware,
  title={{Spyware: A change-aware development toolset}},
  author={Robbes, R. and Lanza, M.},
  booktitle={Proc. of ICSE},
  pages={847--850},
  year={2008},
  organization={ACM}
}
@article{dig2006automated,
  title={{Automated detection of refactorings in evolving components}},
  author={Dig, D. and Comertoglu, C. and Marinov, D. and Johnson, R.},
  journal={Proc. of ECOOP},
  pages={404--428},
  year={2006},
  publisher={Springer}
}
@conference{hao2005similarity,
  title={{A similarity-aware approach to testing based fault localization}},
  author={Hao, D. and Pan, Y. and Zhang, L. and Zhao, W. and Mei, H. and Sun, J.},
  booktitle={Proc. of ASE},
  pages={291--294},
  year={2005},
  organization={ACM}
}

@ARTICLE{hao09:interactive,
    author = {Dan Hao and Lu Zhang and Tao Xie and Hong Mei and Jia-Su Sun},
    title = {Interactive Fault Localization Using Test Information},
    journal = {Journal of Computer Science and Technology},
    volume = {24},
    number = {5},
     year = {2009}
}


@conference{ryder2001change,
  title={{Change impact analysis for object-oriented programs}},
  author={Ryder, B.G. and Tip, F.},
  booktitle={Proc. of PASTE},
  pages={46--53},
  year={2001},
  organization={ACM}
}
@conference{ren2004chianti,
  title={{Chianti: A tool for change impact analysis of java programs}},
  author={Ren, X. and Shah, F. and Tip, F. and Ryder, B.G. and Chesley, O.},
  booktitle={Proc. of OOPSLA},
  year={2004},
  organization={Citeseer}
}
@article{ren2006identifying,
  title={{Identifying failure causes in java programs: An application of change impact analysis}},
  author={Ren, X. and Chesley, O.C. and Ryder, B.G.},
  journal={IEEE TSE},
  pages={718--732},
  issn={0098-5589},
  year={2006},
  publisher={Published by the IEEE Computer Society}
}
@conference{stoerzer2006finding,
  title={{Finding failure-inducing changes in java programs using change classification}},
  author={Stoerzer, M. and Ryder, B.G. and Ren, X. and Tip, F.},
  booktitle={Proc. of FSE},
  pages={57--68},
  year={2006},
  organization={ACM}
}
@article{chesley2005crisp,
  title={{Crisp: A debugging tool for Java programs}},
  author={Chesley, O.C. and Ren, X. and Ryder, B.G.},
  issn={1063-6773},
  year={2005},
  publisher={IEEE Computer Society}
}


@conference{ren2007heuristic,
  title={{Heuristic ranking of java program edits for fault localization}},
  author={Ren, X. and Ryder, B.G.},
  booktitle={Proc. of ISSTA},
  pages={239--249},
  year={2007},
  organization={ACM}
}

@conference{wloka2009junitmx,
  title={{JUnitMX-A change-aware unit testing tool}},
  author={Wloka, J. and Ryder, BG and Tip, F.},
  booktitle={Proc. of ICSE},
  pages={567--570},
  issn={0270-5257},
  organization={IEEE}
}
@conference{jiang2009well,
  title={{How well do test case prioritization techniques support statistical fault localization}},
  author={Jiang, B. and Zhang, Z. and Tse, TH and Chen, TY},
  booktitle={Proc. of COMPSAC},
  pages={99--106},
  issn={0730-3157},
  year={2009}
}
@inproceedings{zhang2009prioritizing,
  title={Prioritizing JUnit test cases in absence of coverage information},
  author={Zhang, L. and Zhou, J. and Hao, D. and Zhang, L. and Mei, H.},
  booktitle={Proc. of ICSM},
  pages={19--28},
  year={2009},
  organization={IEEE}
}
@inproceedings{zhang2011empirical,
  title={An Empirical Study of JUnit Test-Suite Reduction},
  author={Zhang, L. and Marinov, D. and Zhang, L. and Khurshid, S.},
  booktitle={Proc. of ISSRE},
  pages={170--179},
  year={2011},
  organization={IEEE}
}
@article{mei2012static,
  title={{A Static Approach to Prioritizing JUnit Test Cases}},
  author={Hong Mei, Dan Hao, Lingming Zhang, Lu Zhang, Ji Zhou, and Gregg Rothermel},
  journal={IEEE TSE},
  pages={to appear},
}
@inproceedings{rothermel1999test,
  title={Test case prioritization: An empirical study},
  author={Rothermel, G. and Untch, R.H. and Chu, C. and Harrold, M.J.},
  booktitle={Proc. of ICSM},
  pages={179--188},
  year={1999},
  organization={IEEE}
}
@article{yoo2010regression,
  title={Regression testing minimization, selection and prioritization: a survey},
  author={Yoo, S. and Harman, M.},
  journal={STVR},
  year={2010},
  publisher={Wiley Online Library}
}
@article{naish2011model,
  title={A model for spectra-based software diagnosis},
  author={Naish, L. and Lee, H.J. and Ramamohanarao, K.},
  journal={ACM TOSEM},
  volume={20},
  number={3},
  pages={11},
  year={2011},
  publisher={ACM}
}
@inproceedings{lo2010comprehensive,
  title={Comprehensive evaluation of association measures for fault localization},
  author={Lo, D. and Jiang, L. and Budi, A. and others},
  booktitle={ICSM},
  pages={1--10},
  year={2010},
  organization={IEEE}
}
@inproceedings{jones2005empirical,
  title={Empirical evaluation of the tarantula automatic fault-localization technique},
  author={Jones, J.A. and Harrold, M.J.},
  booktitle={Proc. of ASE},
  pages={273--282},
  year={2005},
  organization={ACM}
}
@inproceedings{janssen2009zoltar,
  title={Zoltar: A toolset for automatic fault localization},
  author={Janssen, T. and Abreu, R. and Gemund, A.J.C.},
  booktitle={Proc. of ASE},
  pages={662--664},
  year={2009},
  organization={IEEE Computer Society}
}
