% This file was created with JabRef 2.4.1.
% Encoding: Cp1252

@INPROCEEDINGS{Sliwerski2005,
  author = {Jacek \'{S}liwerski and Thomas Zimmermann and Andreas Zeller},
  title = {When do changes induce fixes?},
  booktitle = {MSR '05: Proceedings of the 2005 international workshop on Mining
	software repositories},
  year = {2005},
  pages = {1--5},
  address = {New York, NY, USA},
  publisher = {ACM},
  doi = {http://doi.acm.org/10.1145/1083142.1083147},
  isbn = {1-59593-123-6},
  location = {St. Louis, Missouri}
}

@INPROCEEDINGS{Agrawal993,
  author = {Rakesh Agrawal and Tomasz Imieli\'{n}ski and Arun Swami},
  title = {Mining association rules between sets of items in large databases},
  booktitle = {SIGMOD '93: Proceedings of the 1993 ACM SIGMOD International Conference
	on Management of Data},
  year = {1993},
  pages = {207--216},
  address = {New York, NY, USA},
  publisher = {ACM},
  doi = {http://doi.acm.org/10.1145/170035.170072},
  isbn = {0-89791-592-5},
  location = {Washington, D.C., United States}
}

@ARTICLE{Aiken2005,
  author = {Alex Aiken},
  title = {{Moss: A system for detecting software plagiarism}},
  journal = {Stanford University, See http://theory.stanford.edu/\~aiken/moss/},
  year = {2005}
}

@INPROCEEDINGS{Ammons2002,
  author = {Glenn Ammons and Rastislav Bodik and James R. Larus},
  title = {Mining specifications},
  booktitle = {POPL '02: Proceedings of the 29th ACM SIGPLAN-SIGACT Symposium on
	Principles of Programming Languages},
  year = {2002},
  pages = {4--16},
  address = {New York, NY, USA},
  publisher = {ACM Press},
  doi = {http://doi.acm.org/10.1145/503272.503275},
  isbn = {1-58113-450-9},
  location = {Portland, Oregon},
  owner = {miryung},
  timestamp = {2008.05.15}
}

@INPROCEEDINGS{Antonio2001,
  author = {Giuliano Antoniol and
	
	 Gerardo Casazza and
	
	 Massimiliano Di Penta and
	
	 Ettore Merlo},
  title = {Modeling clones evolution through time series},
  booktitle = {ICSM '01: Proceedings of the IEEE International Conference on Software
	Maintenance},
  year = {2001},
  pages = {273},
  address = {Washington, DC, USA},
  publisher = {IEEE Computer Society},
  isbn = {0-7695-1189-9}
}

@INPROCEEDINGS{Antoniol2004,
  author = {Giuliano Antoniol and Massimiliano Di Penta and Ettore Merlo},
  title = {An Automatic Approach to identify Class Evolution Discontinuities},
  booktitle = {IWPSE '04: Proceedings of the Principles of Software Evolution, 7th
	International Workshop},
  year = {2004},
  pages = {31--40},
  address = {Washington, DC, USA},
  publisher = {IEEE Computer Society},
  doi = {http://dx.doi.org/10.1109/IWPSE.2004.4},
  isbn = {0-7695-2211-4}
}

@ARTICLE{Antoniol2002,
  author = {Giuliano Antoniol and Umberto Villano and Ettore Merlo and Massimiliano
	Di Penta},
  title = {Analyzing cloning evolution in the {L}inux kernel.},
  journal = {Information {\&} Software Technology},
  year = {2002},
  volume = {44},
  pages = {755-765},
  number = {13},
  bibsource = {DBLP, http://dblp.uni-trier.de},
  owner = {miryung},
  timestamp = {2008.05.15}
}

@INPROCEEDINGS{Apiwattanapong2005,
  author = {Taweesup Apiwattanapong and Alessandro Orso and Mary Jean Harrold},
  title = {Efficient and precise dynamic impact analysis using execute-after
	sequences},
  booktitle = {ICSE '05: Proceedings of the 27th International Conference on Software
	Engineering},
  year = {2005},
  pages = {432--441},
  address = {New York, NY, USA},
  publisher = {ACM},
  doi = {http://doi.acm.org/10.1145/1062455.1062534},
  isbn = {1-59593-963-2},
  location = {St. Louis, MO, USA}
}

@INPROCEEDINGS{Apiwattanapong2004,
  author = {Taweesup Apiwattanapong and Alessandro Orso and Mary Jean Harrold},
  title = {A Differencing Algorithm for Object-Oriented Programs},
  booktitle = {ASE '04: Proceedings of the 19th IEEE International Conference on
	Automated Software Engineering},
  year = {2004},
  pages = {2--13},
  address = {Washington, DC, USA},
  publisher = {IEEE Computer Society},
  doi = {http://dx.doi.org/10.1109/ASE.2004.5},
  isbn = {0-7695-2131-2}
}

@ARTICLE{Atkinson2006,
  author = {Darren C. Atkinson and William G. Griswold},
  title = {Effective pattern matching of source code using abstract syntax patterns},
  journal = {Software--Practice \& Experience},
  year = {2006},
  volume = {36},
  pages = {413--447},
  number = {4},
  address = {New York, NY, USA},
  doi = {http://dx.doi.org/10.1002/spe.v36:4},
  issn = {0038-0644},
  publisher = {John Wiley \& Sons, Inc.}
}

@INPROCEEDINGS{Aversano2007,
  author = {Lerina Aversano and Luigi Cerulo and Massimiliano Di Penta},
  title = {How Clones are Maintained: An Empirical Study},
  booktitle = {CSMR '07: Proceedings of the 11th European Conference on Software
	Maintenance and Reengineering},
  year = {2007},
  pages = {81--90},
  address = {Washington, DC, USA},
  publisher = {IEEE Computer Society},
  doi = {http://dx.doi.org/10.1109/CSMR.2007.26},
  isbn = {0-7695-2802-3}
}

@ARTICLE{Baker1992,
  author = {Brenda S. Baker},
  title = {A Program for Identifying Duplicated Code},
  journal = {Computing Science and Statistics},
  year = {1992},
  volume = {24},
  pages = {49--57},
  owner = {miryung},
  publisher = {Interface Foundation of North America},
  timestamp = {2008.05.15},
  url = {citeseer.ist.psu.edu/baker92program.html}
}

@INPROCEEDINGS{Baker1998,
  author = {Brenda S. Baker and Udi Manber},
  title = {Deducing Similarities in {J}ava Sources from Bytecodes},
  booktitle = {Proceedings of Usenix Annual Technical Conference},
  year = {1998},
  pages = {179--190},
  owner = {miryung},
  timestamp = {2008.05.15},
  url = {citeseer.ist.psu.edu/baker98deducing.html}
}

@ARTICLE{Balas1976,
  author = {Egon Balas and Manfred W. Padberg},
  title = {{Set Partitioning: A Survey}},
  journal = {SIAM Review},
  year = {1976},
  volume = {18},
  pages = {710--760}
}

@INPROCEEDINGS{Balazinska2000,
  author = {Magdalena Balazinska and Ettore Merlo and Michel Dagenais and Bruno
	Lag\"{u}e and Kostas Kontogiannis},
  title = {Advanced Clone-Analysis to Support Object-Oriented System Refactoring},
  booktitle = {WCRE '00: Proceedings of the Seventh Working Conference on Reverse
	Engineering},
  year = {2000},
  pages = {98},
  address = {Washington, DC, USA},
  publisher = {IEEE Computer Society},
  isbn = {0-7695-0881-2}
}

@INPROCEEDINGS{Balazinska1999,
  author = {Magdalena Balazinska and Ettore Merlo and Michel Dagenais and Bruno
	Lague and Kostas Kontogiannis},
  title = {Partial Redesign of Java Software Systems Based on Clone Analysis},
  booktitle = {WCRE '99: Proceedings of the Sixth Working Conference on Reverse
	Engineering},
  year = {1999},
  pages = {326},
  address = {Washington, DC, USA},
  publisher = {IEEE Computer Society},
  isbn = {0-7695-0303-9}
}

@INPROCEEDINGS{Balazinska1999a,
  author = {Magdalena Balazinska and Ettore Merlo and Michel Dagenais and Bruno
	Lague and Kostas Kontogiannis},
  title = {Measuring Clone Based Reengineering Opportunities},
  booktitle = {METRICS '99: Proceedings of the 6th International Symposium on Software
	Metrics},
  year = {1999},
  pages = {292},
  address = {Washington, DC, USA},
  publisher = {IEEE Computer Society},
  isbn = {0-7695-0403-5}
}

@INPROCEEDINGS{Balint2006,
  author = {Mihai Balint and Radu Marinescu and Tudor Girba},
  title = {How Developers Copy},
  booktitle = {ICPC '06: Proceedings of the 14th IEEE International Conference on
	Program Comprehension},
  year = {2006},
  pages = {56--68},
  address = {Washington, DC, USA},
  publisher = {IEEE Computer Society},
  doi = {http://dx.doi.org/10.1109/ICPC.2006.25},
  isbn = {0-7695-2601-2}
}

@ARTICLE{Ball1996,
  author = {Thomas Ball and Stephen G. Eick},
  title = {Software Visualization in the Large},
  journal = {IEEE Computer},
  year = {1996},
  volume = {29},
  pages = {33--43},
  number = {4},
  address = {Los Alamitos, CA, USA},
  doi = {http://dx.doi.org/10.1109/2.488299},
  issn = {0018-9162},
  publisher = {IEEE Computer Society Press}
}

@INPROCEEDINGS{Ball1997,
  author = {Thomas Ball and Jung-min Kim and Adam A. Porter and Harvey P. Siy},
  title = {If your version control system could talk},
  booktitle = {ICSE '97 Workshop on Process Modelling and Empirical Studies of Software
	Engineering},
  year = {1997},
  month = May,
  url = {citeseer.ist.psu.edu/ball97your.html}
}

@INPROCEEDINGS{Baniassad1998,
  author = {Elisa L. A. Baniassad and Gail C. Murphy},
  title = {Conceptual module querying for software reengineering},
  booktitle = {ICSE '98: Proceedings of the 20th International Conference on Software
	Engineering},
  year = {1998},
  pages = {64--73},
  address = {Washington, DC, USA},
  publisher = {IEEE Computer Society},
  isbn = {0-8186-8368-6},
  location = {Kyoto, Japan},
  owner = {miryung},
  timestamp = {2008.05.15}
}

@INPROCEEDINGS{Baniassad2003,
  author = {Elisa L. A. Baniassad and Gail C. Murphy and Christa Schwanninger},
  title = {Design Pattern Rationale Graphs: linking design to source},
  booktitle = {ICSE '03: Proceedings of the 25th International Conference on Software
	Engineering},
  year = {2003},
  pages = {352--362},
  address = {Washington, DC, USA},
  publisher = {IEEE Computer Society},
  isbn = {0-7695-1877-X},
  location = {Portland, Oregon}
}

@INPROCEEDINGS{Basit2005,
  author = {Hamid Abdul Basit and Stan Jarzabek},
  title = {Detecting higher-level similarity patterns in programs},
  booktitle = {ESEC/FSE-13: Proceedings of the 10th European Software Engineering
	Conference held jointly with 13th ACM SIGSOFT International Symposium
	on Foundations of Software Engineering},
  year = {2005},
  pages = {156--165},
  address = {New York, NY, USA},
  publisher = {ACM},
  doi = {http://doi.acm.org/10.1145/1081706.1081733},
  isbn = {1-59593-014-0},
  location = {Lisbon, Portugal}
}

@INPROCEEDINGS{Basit2005a,
  author = {Hamid Abdul Basit and Damith C. Rajapakse and Stan Jarzabek},
  title = {Beyond templates: a study of clones in the STL and some general implications},
  booktitle = {ICSE '05: Proceedings of the 27th International Conference on Software
	Engineering},
  year = {2005},
  pages = {451--459},
  address = {New York, NY, USA},
  publisher = {ACM},
  doi = {http://doi.acm.org/10.1145/1062455.1062537},
  isbn = {1-59593-963-2},
  location = {St. Louis, MO, USA}
}

@INPROCEEDINGS{Bates1993,
  author = {Samuel Bates and Susan Horwitz},
  title = {Incremental program testing using program dependence graphs},
  booktitle = {POPL '93: Proceedings of the 20th ACM SIGPLAN-SIGACT Symposium on
	Principles of Programming Languages},
  year = {1993},
  pages = {384--396},
  address = {New York, NY, USA},
  publisher = {ACM Press},
  doi = {http://doi.acm.org/10.1145/158511.158694},
  isbn = {0-89791-560-7},
  location = {Charleston, South Carolina, United States},
  owner = {miryung},
  timestamp = {2008.05.15}
}

@INPROCEEDINGS{Baxter1998,
  author = {Ira D. Baxter and Andrew Yahin and Leonardo Moura and Marcelo Sant'Anna
	and Lorraine Bier},
  title = {Clone Detection Using Abstract Syntax Trees},
  booktitle = {ICSM '98: Proceedings of the International Conference on Software
	Maintenance},
  year = {1998},
  pages = {368},
  address = {Washington, DC, USA},
  publisher = {IEEE Computer Society},
  isbn = {0-8186-8779-7}
}

@BOOK{Beck2000,
  title = {{e}xtreme {P}rogramming explained, embrace change},
  publisher = {Addison-Wesley Professional},
  year = {2000},
  author = {Kent Beck},
  owner = {miryung},
  timestamp = {2008.05.15}
}

@ARTICLE{Belady1976,
  author = {Laszlo A. Belady and Lehman, M.M.},
  title = {{A Model of Large Program Development}},
  journal = {IBM Systems Journal},
  year = {1976},
  volume = {15},
  pages = {225-252},
  number = {3}
}

@INPROCEEDINGS{Berlage1993,
  author = {Thomas Berlage and Andreas Genau},
  title = {A framework for shared applications with a replicated architecture},
  booktitle = {UIST '93: Proceedings of the 6th annual ACM symposium on User interface
	software and technology},
  year = {1993},
  pages = {249--257},
  address = {New York, NY, USA},
  publisher = {ACM},
  doi = {http://doi.acm.org/10.1145/168642.168668},
  isbn = {0-89791-628-X},
  location = {Atlanta, Georgia, United States}
}

@ARTICLE{Berzins1994,
  author = {Valdis Berzins},
  title = {Software merge: semantics of combining changes to programs},
  journal = {ACM Transactions on Programming Languages and Systems},
  year = {1994},
  volume = {16},
  pages = {1875--1903},
  number = {6},
  address = {New York, NY, USA},
  doi = {http://doi.acm.org/10.1145/197320.197403},
  issn = {0164-0925},
  owner = {miryung},
  publisher = {ACM Press},
  timestamp = {2008.05.15}
}

@INPROCEEDINGS{Bevan2003,
  author = {Jennifer Bevan and E. James Whitehead, Jr.},
  title = {Identification of Software Instabilities},
  booktitle = {WCRE '03: Proceedings of the 10th Working Conference on Reverse Engineering},
  year = {2003},
  pages = {134},
  address = {Washington, DC, USA},
  publisher = {IEEE Computer Society},
  isbn = {0-7695-2027-8}
}

@INPROCEEDINGS{Bevan2005,
  author = {Jennifer Bevan and E. James Whitehead, Jr. and Sunghun Kim and Michael
	Godfrey},
  title = {Facilitating software evolution research with kenyon},
  booktitle = {ESEC/FSE-13: Proceedings of the 10th European Software Engineering
	Conference held jointly with 13th ACM SIGSOFT International Symposium
	on Foundations of Software Engineering},
  year = {2005},
  pages = {177--186},
  address = {New York, NY, USA},
  publisher = {ACM},
  doi = {http://doi.acm.org/10.1145/1081706.1081736},
  isbn = {1-59593-014-0},
  location = {Lisbon, Portugal}
}

@ARTICLE{Beyer2005,
  author = {Dirk Beyer and Andreas Noack and Claus Lewerentz},
  title = {Efficient Relational Calculation for Software Analysis},
  journal = {IEEE Transactions on Software Engineering},
  year = {2005},
  volume = {31},
  pages = {137-149},
  number = {2},
  address = {Los Alamitos, CA, USA},
  doi = {http://doi.ieeecomputersociety.org/10.1109/TSE.2005.23},
  issn = {0098-5589},
  publisher = {IEEE Computer Society}
}

@BOOK{Beyer1999,
  title = {{Contextual design}},
  publisher = {Morgan Kaufmann},
  year = {1999},
  author = {Hugh Beyer and Karen Holtzblatt}
}

@INPROCEEDINGS{Biggerstaff1993,
  author = {Ted J. Biggerstaff and Bharat G. Mitbander and Dallas Webster},
  title = {The concept assignment problem in program understanding},
  booktitle = {ICSE '93: Proceedings of the 15th International Conference on Software
	Engineering},
  year = {1993},
  pages = {482--498},
  address = {Los Alamitos, CA, USA},
  publisher = {IEEE Computer Society Press},
  isbn = {0-89791-588-7},
  location = {Baltimore, Maryland, United States},
  owner = {miryung},
  timestamp = {2008.05.15}
}

@ARTICLE{Binkley1997,
  author = {David Binkley},
  title = {Semantics Guided Regression Test Cost Reduction},
  journal = {IEEE Transactions on Software Engineering},
  year = {1997},
  volume = {23},
  pages = {498--516},
  number = {8},
  doi = {http://dx.doi.org/10.1109/32.624306},
  issn = {0098-5589},
  owner = {miryung},
  timestamp = {2008.05.15}
}

@ARTICLE{Binkley1995,
  author = {David Binkley and Susan Horwitz and Thomas Reps},
  title = {Program integration for languages with procedure calls},
  journal = {ACM Transactions on Software Engineering and Methodology},
  year = {1995},
  volume = {4},
  pages = {3--35},
  number = {1},
  owner = {miryung},
  timestamp = {2008.05.15},
  url = {citeseer.ist.psu.edu/binkley95program.html}
}

@ARTICLE{Boehm1976,
  author = {Barry W. Boehm and J. R. Brown and M. Lipow},
  title = {{Quantitative evaluation of software quality}},
  journal = {Proceedings of the 2nd International Conference on Software Engineering},
  year = {1976},
  pages = {592--605},
  comment = {Benefits of Anomalie},
  publisher = {IEEE Computer Society Press Los Alamitos, CA, USA}
}

@INPROCEEDINGS{Boshernitsan2007,
  author = {Marat Boshernitsan and Susan L. Graham and Marti A. Hearst},
  title = {Aligning development tools with the way programmers think about code
	changes},
  booktitle = {CHI '07: Proceedings of the SIGCHI conference on Human factors in
	computing systems},
  year = {2007},
  pages = {567--576},
  address = {New York, NY, USA},
  publisher = {ACM},
  doi = {http://doi.acm.org/10.1145/1240624.1240715},
  isbn = {978-1-59593-593-9},
  location = {San Jose, California, USA}
}

@INPROCEEDINGS{Bracha1990,
  author = {Gilad Bracha and William Cook},
  title = {Mixin-based inheritance},
  booktitle = {OOPSLA/ECOOP '90: Proceedings of the European Conference on Object-Oriented
	Programming on Object-Oriented Programming Systems, Languages, and
	Applications},
  year = {1990},
  pages = {303--311},
  address = {New York, NY, USA},
  publisher = {ACM},
  doi = {http://doi.acm.org/10.1145/97945.97982},
  isbn = {0-201-52430-X},
  location = {Ottawa, Canada}
}

@INPROCEEDINGS{Breu2006,
  author = {Silvia Breu and Thomas Zimmermann},
  title = {Mining Aspects from Version History},
  booktitle = {International Conference on Automated Software Engineering },
  year = {2006},
  pages = {221-230},
  bibsource = {DBLP, http://dblp.uni-trier.de},
  ee = {http://doi.ieeecomputersociety.org/10.1109/International Conference
	on Automated Software Engineering.2006.50},
  owner = {miryung},
  timestamp = {2008.05.15}
}

@INPROCEEDINGS{Bruntink2004,
  author = {Magiel Bruntink and Arie van Deursen and Tom Tourwe and Remco van
	Engelen},
  title = {An Evaluation of Clone Detection Techniques for Identifying Crosscutting
	Concerns},
  booktitle = {ICSM '04: Proceedings of the 20th IEEE International Conference on
	Software Maintenance},
  year = {2004},
  pages = {200--209},
  address = {Washington, DC, USA},
  publisher = {IEEE Computer Society},
  isbn = {0-7695-2213-0}
}

@ARTICLE{Buckley2004,
  author = {Jim Buckley and Tom Mens and Matthias Zenger and Awais Rashid and
	G\"{u}nter Kniesel},
  title = {Towards a taxonomy of software change: Research Articles},
  journal = {Journal of Software Maintenance and Evolution: Research and Practice},
  year = {2005},
  volume = {17},
  pages = {309--332},
  number = {5},
  address = {New York, NY, USA},
  doi = {http://dx.doi.org/10.1002/smr.v17:5},
  issn = {1532-060X},
  publisher = {John Wiley \& Sons, Inc.}
}

@INPROCEEDINGS{Burd2002,
  author = {Elizabeth Burd and John Bailey},
  title = {Evaluating Clone Detection Tools for Use during Preventative Maintenance.},
  booktitle = {SCAM '02: Proceedings of the Second IEEE International Workshop on
	Source Code Analysis and Manipulation},
  year = {2002},
  pages = {36-43},
  address = {Washington, DC, USA},
  publisher = {IEEE Computer Society}
}

@INPROCEEDINGS{Burson1990,
  author = {Scott Burson and Gordon B. Kotik and Lawrence Z. Markosian},
  title = {{A program transformation approach to automating softwarere-engineering}},
  booktitle = {COMPSAC 90: Fourteenth Annual International Computer Software and
	Applications Conference},
  year = {1990},
  pages = {314--322},
  comment = {Source Transformation - Syntactic, First order set-theoretic logic
	queries for source transformation}
}

@INPROCEEDINGS{Canfora2007,
  author = {Gerardo Canfora and Luigi Cerulo and Massimiliano Di Penta},
  title = {Identifying Changed Source Code Lines from Version Repositories},
  booktitle = {MSR '07: Proceedings of the Fourth International Workshop on Mining
	Software Repositories},
  year = {2007},
  pages = {14},
  address = {Washington, DC, USA},
  publisher = {IEEE Computer Society},
  doi = {http://dx.doi.org/10.1109/MSR.2007.14},
  isbn = {0-7695-2950-X}
}

@INPROCEEDINGS{Chambers1995,
  author = {Craig Chambers and Jeffrey Dean and David Grove},
  title = {A framework for selective recompilation in the presence of complex
	intermodule dependencies},
  booktitle = {ICSE '95: Proceedings of the 17th International Conference on Software
	Engineering},
  year = {1995},
  pages = {221--230},
  address = {New York, NY, USA},
  publisher = {ACM},
  doi = {http://doi.acm.org/10.1145/225014.225035},
  isbn = {0-89791-708-1},
  location = {Seattle, Washington, United States}
}

@INPROCEEDINGS{Chawathe1996,
  author = {Sudarshan S. Chawathe and Anand Rajaraman and Hector Garcia-Molina
	and Jennifer Widom},
  title = {Change detection in hierarchically structured information},
  booktitle = {SIGMOD '96: Proceedings of the 1996 ACM SIGMOD International Conference
	on Management of Data},
  year = {1996},
  pages = {493--504},
  address = {New York, NY, USA},
  publisher = {ACM},
  doi = {http://doi.acm.org/10.1145/233269.233366},
  isbn = {0-89791-794-4},
  location = {Montreal, Quebec, Canada}
}

@INPROCEEDINGS{Chen2001,
  author = {Annie Chen and Eric Chou and Joshua Wong and Andrew Y. Yao and Qing
	Zhang and Shao Zhang and Amir Michail},
  title = {CVSSearch: Searching through Source Code using CVS Comments},
  booktitle = {ICSM '01: Proceedings of the IEEE International Conference on Software
	Maintenance},
  year = {2001},
  pages = {364},
  address = {Washington, DC, USA},
  publisher = {IEEE Computer Society},
  isbn = {0-7695-1189-9}
}

@INPROCEEDINGS{Chesley2005,
  author = {Ophelia C. Chesley and Xiaoxia Ren and Barbara G. Ryder},
  title = {Crisp: A Debugging Tool for Java Programs},
  booktitle = {ICSM '05: Proceedings of the 21st IEEE International Conference on
	Software Maintenance},
  year = {2005},
  pages = {401--410},
  address = {Washington, DC, USA},
  publisher = {IEEE Computer Society},
  doi = {http://dx.doi.org/10.1109/ICSM.2005.37},
  isbn = {0-7695-2368-4}
}

@INPROCEEDINGS{Chou2001,
  author = {Andy Chou and Junfeng Yang and Benjamin Chelf and Seth Hallem and
	Dawson R. Engler},
  title = {An Empirical Study of Operating System Errors.},
  booktitle = {SOSP},
  year = {2001},
  pages = {73-88},
  bibsource = {DBLP, http://dblp.uni-trier.de},
  ee = {http://doi.acm.org/10.1145/502034.502042},
  owner = {miryung},
  timestamp = {2008.05.15}
}

@INPROCEEDINGS{Chow1996,
  author = {Kingsum Chow and David Notkin},
  title = {Semi-automatic update of applications in response to library changes},
  booktitle = {ICSM '96: Proceedings of the 1996 International Conference on Software
	Maintenance},
  year = {1996},
  pages = {359},
  address = {Washington, DC, USA},
  publisher = {IEEE Computer Society},
  isbn = {0-8186-7677-9}
}

@INPROCEEDINGS{Collberg2003,
  author = {Christian Collberg and Stephen Kobourov and Jasvir Nagra and Jacob
	Pitts and Kevin Wampler},
  title = {A system for graph-based visualization of the evolution of software},
  booktitle = {SoftVis '03: Proceedings of the 2003 ACM Symposium on Software Visualization},
  year = {2003},
  pages = {77--88},
  address = {New York, NY, USA},
  publisher = {ACM},
  doi = {http://doi.acm.org/10.1145/774833.774844},
  isbn = {1-58113-642-0},
  location = {San Diego, California}
}

@ARTICLE{Conradi1998,
  author = {Reidar Conradi and Bernhard Westfechtel},
  title = {Version models for software configuration management},
  journal = {ACM Computing Survey},
  year = {1998},
  volume = {30},
  pages = {232--282},
  number = {2},
  address = {New York, NY, USA},
  doi = {http://doi.acm.org/10.1145/280277.280280},
  issn = {0360-0300},
  owner = {miryung},
  publisher = {ACM Press},
  timestamp = {2008.05.15}
}

@ARTICLE{Cordy2006,
  author = {James R. Cordy},
  title = {The TXL source transformation language},
  journal = {Science of Computer Programming},
  year = {2006},
  volume = {61},
  pages = {190--210},
  number = {3},
  address = {Amsterdam, The Netherlands, The Netherlands},
  doi = {http://dx.doi.org/10.1016/j.scico.2006.04.002},
  issn = {0167-6423},
  publisher = {Elsevier North-Holland, Inc.}
}

@INPROCEEDINGS{Cordy2003,
  author = {James R. Cordy},
  title = {Comprehending Reality " Practical Barriers to Industrial Adoption
	of Software Maintenance Automation},
  booktitle = {IWPC '03: Proceedings of the 11th IEEE International Workshop on
	Program Comprehension},
  year = {2003},
  pages = {196},
  address = {Washington, DC, USA},
  publisher = {IEEE Computer Society},
  isbn = {0-7695-1883-4}
}

@ARTICLE{Cordy2002,
  author = {James R. Cordy and Thomas R. Dean and Andrew J. Malton and Kevin
	A. Schneider},
  title = {Source Transformation in Software Engineering using the TXL Transformation
	System},
  journal = {Journal of Information and Software Technology},
  year = {2002},
  volume = {44},
  pages = {827--837}
}

@INPROCEEDINGS{Cottrell2007,
  author = {Rylan Cottrell and Joseph J. C. Chang and Robert J. Walker and J\"{o}rg
	Denzinger},
  title = {Determining detailed structural correspondence for generalization
	tasks},
  booktitle = {ESEC-FSE '07: Proceedings of the the 6th joint meeting of the European
	Software Engineering Conference and the ACM SIGSOFT symposium on
	The foundations of software engineering},
  year = {2007},
  pages = {165--174},
  address = {New York, NY, USA},
  publisher = {ACM},
  doi = {http://doi.acm.org/10.1145/1287624.1287649},
  isbn = {978-1-59593-811-4},
  location = {Dubrovnik, Croatia}
}

@INPROCEEDINGS{Cubranic2003,
  author = {Davor Cubranic and Gail C. Murphy},
  title = {Hipikat: recommending pertinent software development artifacts},
  booktitle = {ICSE '03: Proceedings of the 25th International Conference on Software
	Engineering},
  year = {2003},
  pages = {408--418},
  address = {Washington, DC, USA},
  publisher = {IEEE Computer Society},
  isbn = {0-7695-1877-X},
  location = {Portland, Oregon},
  owner = {miryung},
  timestamp = {2008.05.15}
}

@INPROCEEDINGS{Cytron1989,
  author = {R. Cytron and J. Ferrante and B. K. Rosen and M. N. Wegman and F.
	K. Zadeck},
  title = {An efficient method of computing static single assignment form},
  booktitle = {POPL '89: Proceedings of the 16th ACM SIGPLAN-SIGACT Symposium on
	Principles of Programming Languages},
  year = {1989},
  pages = {25--35},
  address = {New York, NY, USA},
  publisher = {ACM Press},
  doi = {http://doi.acm.org/10.1145/75277.75280},
  isbn = {0-89791-294-2},
  location = {Austin, Texas, United States},
  owner = {miryung},
  timestamp = {2008.05.15}
}

@INPROCEEDINGS{Dagenais2007,
  author = {Barth\'{e}l\'{e}my Dagenais and Silvia Breu and Fr\'{e}d\'{e}ric
	Weigand Warr and Martin P. Robillard},
  title = {Inferring structural patterns for concern traceability in evolving
	software},
  booktitle = {ASE '07: Proceedings of the twenty-second IEEE/ACM International
	Conference on Automated Software Engineering},
  year = {2007},
  pages = {254--263},
  address = {New York, NY, USA},
  publisher = {ACM},
  doi = {http://doi.acm.org/10.1145/1321631.1321669},
  isbn = {978-1-59593-882-4},
  location = {Atlanta, Georgia, USA}
}

@INPROCEEDINGS{Dagenais2008,
  author = {Barth\'{e}l\'{e}my Dagenais and Martin P. Robillard},
  title = {Recommending adaptive changes for framework evolution},
  booktitle = {ICSE '08: Proceedings of the 30th International Conference on Software
	Engineering},
  year = {2008},
  pages = {481--490},
  address = {New York, NY, USA},
  publisher = {ACM},
  doi = {http://doi.acm.org/10.1145/1368088.1368154},
  isbn = {978-1-60558-079-1},
  location = {Leipzig, Germany}
}

@INPROCEEDINGS{DeLine2005,
  author = {Robert DeLine and Amir Khella and Mary Czerwinski and George Robertson},
  title = {Towards understanding programs through wear-based filtering},
  booktitle = {SoftVis '05: Proceedings of the 2005 ACM Symposium on Software Visualization},
  year = {2005},
  pages = {183--192},
  address = {New York, NY, USA},
  publisher = {ACM Press},
  doi = {http://doi.acm.org/10.1145/1056018.1056044},
  isbn = {1-59593-073-6},
  location = {St. Louis, Missouri},
  owner = {miryung},
  timestamp = {2008.05.15}
}

@INPROCEEDINGS{Demeyer2000,
  author = {Serge Demeyer and St\'{e}phane Ducasse and Oscar Nierstrasz},
  title = {Finding refactorings via change metrics},
  booktitle = {OOPSLA '00: Proceedings of the 15th ACM SIGPLAN Conference on Object-Oriented
	Programming, Systems, Languages, and Applications},
  year = {2000},
  pages = {166--177},
  address = {New York, NY, USA},
  publisher = {ACM},
  doi = {http://doi.acm.org/10.1145/353171.353183},
  isbn = {1-58113-200-X},
  location = {Minneapolis, Minnesota, United States}
}

@INPROCEEDINGS{Denker2007,
  author = {Marcus Denker and Tudor G\^{\i}rba and Adrian Lienhard and Oscar
	Nierstrasz and Lukas Renggli and Pascal Zumkehr},
  title = {Encapsulating and exploiting change with changeboxes},
  booktitle = {ICDL '07: Proceedings of the 2007 International Conference on Dynamic
	Languages},
  year = {2007},
  pages = {25--49},
  address = {New York, NY, USA},
  publisher = {ACM},
  doi = {http://doi.acm.org/10.1145/1352678.1352681},
  isbn = {978-1-60558-084-5},
  location = {Lugano, Switzerland}
}

@ARTICLE{Devanbu1992,
  author = {Premkumar Devanbu},
  title = {{GENOA: a customizable language-and front-end independent code analyzer}},
  journal = {Proceedings of the 14th International Conference on Software Engineering},
  year = {1992},
  pages = {307--317},
  comment = {Program Tranformation},
  publisher = {ACM Press New York, NY, USA}
}

@ARTICLE{Devanbu1991,
  author = {Premkumar Devanbu and Ronald J. Brachman and Peter G. Selfridge and
	Bruce W. Ballard},
  title = {{LaSSIE: a knowledge-based software information system}},
  journal = {Communications of the ACM},
  year = {1991},
  volume = {34},
  pages = {34--49},
  number = {5},
  comment = {Knowledge Based based approach / Source Code Queries},
  publisher = {ACM Press New York, NY, USA}
}

@INPROCEEDINGS{Dig2006,
  author = {Danny Dig and Ralph Johnson},
  title = {Automated detection of refactorings in evolving components},
  booktitle = {ECOOP '06: Proceedings of European Conference on Object-Oriented
	Programming},
  year = {2006},
  pages = {404--428},
  publisher = {Springer}
}

@INPROCEEDINGS{Dig2005,
  author = {Danny Dig and Ralph Johnson},
  title = {The Role of Refactorings in API Evolution},
  booktitle = {ICSM '05: Proceedings of the 21st IEEE International Conference on
	Software Maintenance},
  year = {2005},
  pages = {389--398},
  address = {Washington, DC, USA},
  publisher = {IEEE Computer Society},
  doi = {http://dx.doi.org/10.1109/ICSM.2005.90},
  isbn = {0-7695-2368-4}
}

@INPROCEEDINGS{Dig2007,
  author = {Danny Dig and Kashif Manzoor and Ralph Johnson and Tien N. Nguyen},
  title = {Refactoring-Aware Configuration Management for Object-Oriented Programs},
  booktitle = {ICSE '07: Proceedings of the 29th International Conference on Software
	Engineering},
  year = {2007},
  pages = {427--436},
  address = {Washington, DC, USA},
  publisher = {IEEE Computer Society},
  doi = {http://dx.doi.org/10.1109/ICSE.2007.71},
  isbn = {0-7695-2828-7}
}

@INPROCEEDINGS{Domingos2006,
  author = {Pedro Domingos and Stanley Kok and Hoifung Poon and Matthew Richardson
	and Parag Singla.},
  title = {{Unifying logical and statistical AI}},
  booktitle = {AAAI '06: Proceedings of the Twenty-First National Conference on
	Artificial Intelligence, Boston, MA, July},
  year = {2006},
  owner = {miryung},
  timestamp = {2008.05.15}
}

@INPROCEEDINGS{Drape2002,
  author = {Stephen Drape and Oege de Moor and Ganesh Sittampalam},
  title = {Transforming the .NET intermediate language using path logic programming},
  booktitle = {PPDP '02: Proceedings of the 4th ACM SIGPLAN International Conference
	on Principles and Practice of Declarative Programming},
  year = {2002},
  pages = {133--144},
  address = {New York, NY, USA},
  publisher = {ACM Press},
  doi = {http://doi.acm.org/10.1145/571157.571171},
  isbn = {1-58113-528-9},
  location = {Pittsburgh, PA, USA},
  owner = {miryung},
  timestamp = {2008.05.15}
}

@INPROCEEDINGS{Duala-Ekoko2007,
  author = {Ekwa Duala-Ekoko and Martin P. Robillard},
  title = {Tracking Code Clones in Evolving Software},
  booktitle = {ICSE '07: Proceedings of the 29th International Conference on Software
	Engineering},
  year = {2007},
  pages = {158--167},
  address = {Washington, DC, USA},
  publisher = {IEEE Computer Society},
  doi = {http://dx.doi.org/10.1109/ICSE.2007.90},
  isbn = {0-7695-2828-7}
}

@INPROCEEDINGS{Ducasse1999,
  author = {St\'{e}phane Ducasse and Matthias Rieger and Serge Demeyer},
  title = {A Language Independent Approach for Detecting Duplicated Code},
  booktitle = {ICSM '99: Proceedings of the IEEE International Conference on Software
	Maintenance},
  year = {1999},
  pages = {109},
  address = {Washington, DC, USA},
  publisher = {IEEE Computer Society},
  isbn = {0-7695-0016-1}
}

@BOOK{Edmunds2000,
  title = {Focus Group Research Handbook},
  publisher = {McGraw-Hill},
  year = {2000},
  author = {Holly Edmunds},
  owner = {miryung},
  timestamp = {2009.02.05}
}

@INPROCEEDINGS{Eichberg2008,
  author = {Michael Eichberg and Sven Kloppenburg and Karl Klose and Mira Mezini},
  title = {Defining and continuous checking of structural program dependencies},
  booktitle = {ICSE '08: Proceedings of the 30th International Conference on Software
	Engineering},
  year = {2008},
  pages = {391--400},
  address = {New York, NY, USA},
  publisher = {ACM},
  doi = {http://doi.acm.org/10.1145/1368088.1368142},
  isbn = {978-1-60558-079-1},
  location = {Leipzig, Germany}
}

@ARTICLE{Eick2001,
  author = {Stephen G. Eick and Todd L. Graves and Alan F. Karr and J. S. Marron
	and Audris Mockus},
  title = {Does Code Decay? {A}ssessing the Evidence from Change Management
	Data},
  journal = {IEEE Transactions on Software Engineering},
  year = {2001},
  volume = {27},
  pages = {1--12},
  number = {1},
  doi = {http://dx.doi.org/10.1109/32.895984},
  issn = {0098-5589},
  owner = {miryung},
  timestamp = {2008.05.15}
}

@ARTICLE{Eick2002,
  author = {Stephen G. Eick and Todd L. Graves and Alan F. Karr and Audris Mockus
	and Paul Schuster},
  title = {Visualizing Software Changes},
  journal = {IEEE Transactions on Software Engineering},
  year = {2002},
  volume = {28},
  pages = {396--412},
  number = {4},
  address = {Piscataway, NJ, USA},
  doi = {http://dx.doi.org/10.1109/TSE.2002.995435},
  issn = {0098-5589},
  publisher = {IEEE Press}
}

@INPROCEEDINGS{Elbaum2001,
  author = {Sebastian G. Elbaum and David Gable and Gregg Rothermel},
  title = {The Impact of Software Evolution on Code Coverage Information.},
  booktitle = {ICSM},
  year = {2001},
  pages = {170-179},
  bibsource = {DBLP, http://dblp.uni-trier.de},
  ee = {http://computer.org/proceedings/icsm/1189/11890170abs.htm},
  owner = {miryung},
  timestamp = {2008.05.15}
}

@ARTICLE{Ellson2001,
  author = {John Ellson and Emden R. Gansner and Eleftherios Koutsofios and Stephen
	C. North and Gordon Woodhull},
  title = {{Graphviz-Open Source Graph Drawing Tools}},
  journal = {Graph Drawing},
  year = {2001},
  pages = {483--485},
  publisher = {Springer}
}

@ARTICLE{VanEngelen2005,
  author = {Remco van Engelen},
  title = {On the Use of Clone Detection for Identifying Crosscutting Concern
	Code},
  journal = {IEEE Transactions on Software Engineering},
  year = {2005},
  volume = {31},
  pages = {804--818},
  number = {10},
  note = {Student Member-Magiel Bruntink and Member-Arie van Deursen and Member-Tom
	Tourwe},
  address = {Piscataway, NJ, USA},
  doi = {http://dx.doi.org/10.1109/TSE.2005.114},
  issn = {0098-5589},
  publisher = {IEEE Press}
}

@PHDTHESIS{Ernst2000,
  author = {Michael D. Ernst},
  title = {Dynamically Discovering Likely Program Invariants},
  school = {University of Washington},
  year = {2000},
  type = {{Ph.D. Disseratation}},
  address = {Seattle, Washington},
  month = aug,
  owner = {miryung},
  timestamp = {2008.05.15}
}

@INPROCEEDINGS{Erwig2002,
  author = {Martin Erwig and Deling Ren},
  title = {A rule-based language for programming software updates},
  booktitle = {RULE '02: Proceedings of the 2002 ACM SIGPLAN workshop on Rule-based
	programming},
  year = {2002},
  pages = {67--78},
  address = {New York, NY, USA},
  publisher = {ACM},
  doi = {http://doi.acm.org/10.1145/570186.570193},
  isbn = {1-58113-606-4},
  location = {Pittsburgh, Pennsylvania}
}

@ARTICLE{Evans2003,
  author = {Huw Evans and Malcolm Atkinson and Margaret Brown and Julie Cargill
	and Murray Crease and Steve Draper and Phil Gray and Richard Thomas},
  title = {The pervasiveness of evolution in GRUMPS software},
  journal = {Software--Practice \& Experience },
  year = {2003},
  volume = {33},
  pages = {99--120},
  number = {2},
  address = {New York, NY, USA},
  doi = {http://dx.doi.org/10.1002/spe.498},
  issn = {0038-0644},
  publisher = {John Wiley \& Sons, Inc.}
}

@ARTICLE{Feijs1998,
  author = {Feijs, L. and Krikhaar, R. and Van Ommering, R.},
  title = {{A relational approach to support software architecture analysis}},
  journal = {Software--Practice \& Experience},
  year = {1998},
  volume = {28},
  pages = {371--400},
  number = {4},
  owner = {miryung},
  publisher = {John Wiley \& Sons, Inc. New York, NY, USA},
  timestamp = {2008.05.15}
}

@INPROCEEDINGS{Fiorvanti2001,
  author = {F. Fiorvanti and G. Migliarese and P. Nesi},
  title = {Reengineering analysis of object-oriented systems via duplication
	analysis},
  booktitle = {ICSE '01: Proceedings of the 23rd International Conference on Software
	Engineering},
  year = {2001},
  pages = {577--586},
  address = {Washington, DC, USA},
  publisher = {IEEE Computer Society},
  isbn = {0-7695-1050-7},
  location = {Toronto, Ontario, Canada}
}

@INPROCEEDINGS{Fischer2005,
  author = {Michael Fischer and Johann Oberleitner and Jacek Ratzinger and Harald
	Gall},
  title = {Mining evolution data of a product family},
  booktitle = {MSR '05: Proceedings of the 2005 International Workshop on Mining
	Software Repositories},
  year = {2005},
  pages = {1--5},
  address = {New York, NY, USA},
  publisher = {ACM},
  doi = {http://doi.acm.org/10.1145/1083142.1083145},
  isbn = {1-59593-123-6},
  location = {St. Louis, Missouri}
}

@INPROCEEDINGS{Fischer2003,
  author = {Michael Fischer and Martin Pinzger and Harald Gall},
  title = {Populating a Release History Database from Version Control and Bug
	Tracking Systems},
  booktitle = {ICSM '03: Proceedings of the International Conference on Software
	Maintenance},
  year = {2003},
  pages = {23},
  address = {Washington, DC, USA},
  publisher = {IEEE Computer Society},
  isbn = {0-7695-1905-9},
  owner = {miryung},
  timestamp = {2008.05.15}
}

@INPROCEEDINGS{Fiuczynski2005,
  author = {Marc E. Fiuczynski and Robert Grimm and Yvonne Coady and David Walker},
  title = {patch (1) considered harmful},
  booktitle = {HOTOS'05: Proceedings of the 10th conference on Hot Topics in Operating
	Systems},
  year = {2005},
  pages = {16--16},
  address = {Berkeley, CA, USA},
  publisher = {USENIX Association},
  location = {Santa Fe, NM}
}

@INPROCEEDINGS{Fluri2006,
  author = {Beat Fluri and Harald C. Gall},
  title = {Classifying Change Types for Qualifying Change Couplings},
  booktitle = {ICPC '06: Proceedings of the 14th IEEE International Conference on
	Program Comprehension},
  year = {2006},
  pages = {35--45},
  address = {Washington, DC, USA},
  publisher = {IEEE Computer Society},
  doi = {http://dx.doi.org/10.1109/ICPC.2006.16},
  isbn = {0-7695-2601-2},
  owner = {miryung},
  timestamp = {2008.05.15}
}

@ARTICLE{Fluri2007,
  author = {Beat Fluri and Michael W\"ursch and Martin Pinzger and Harald C.
	Gall},
  title = {Change Distilling---Tree Differencing for Fine-Grained Source Code
	Change Extraction},
  journal = {IEEE Transactions on Software Engineering},
  year = {2007},
  volume = {33},
  pages = {18},
  number = {11},
  month = {November},
  owner = {miryung},
  timestamp = {2008.05.15}
}

@INPROCEEDINGS{Forman2005,
  author = {George Forman and Kave Eshghi and Stephane Chiocchetti},
  title = {Finding similar files in large document repositories},
  booktitle = {KDD '05: Proceeding of the eleventh ACM SIGKDD International Conference
	on Knowledge Discovery in Data Mining},
  year = {2005},
  pages = {394--400},
  address = {New York, NY, USA},
  publisher = {ACM Press},
  doi = {http://doi.acm.org/10.1145/1081870.1081916},
  isbn = {1-59593-135-X},
  location = {Chicago, Illinois, USA},
  owner = {miryung},
  timestamp = {2008.05.15}
}

@BOOK{Fowler2000,
  title = {Refactoring: Improving the Design of Existing Code},
  publisher = {Addison-Wesley Professional},
  year = {2000},
  author = {Martin Fowler},
  owner = {miryung},
  timestamp = {2008.05.15}
}

@INPROCEEDINGS{Gorg2005a,
  author = {Carsten G\"{o}rg and Peter Wei{\ss}gerber},
  title = {Error detection by refactoring reconstruction},
  booktitle = {MSR '05: Proceedings of the 2005 international workshop on Mining
	software repositories},
  year = {2005},
  pages = {1--5},
  address = {New York, NY, USA},
  publisher = {ACM Press},
  doi = {http://doi.acm.org/10.1145/1083142.1083148},
  isbn = {1-59593-123-6},
  location = {St. Louis, Missouri}
}

@ARTICLE{Girba2006,
  author = {Tudor G\^{\i}rba and St\'{e}phane Ducasse},
  title = {Modeling history to analyze software evolution: Research Articles},
  journal = {Journal of Software Maintenance and Evolution: Research and Practice},
  year = {2006},
  volume = {18},
  pages = {207--236},
  number = {3},
  address = {New York, NY, USA},
  doi = {http://dx.doi.org/10.1002/smr.v18:3},
  issn = {1532-060X},
  publisher = {John Wiley \& Sons, Inc.}
}

@INPROCEEDINGS{Gall1998,
  author = {Harald Gall and Karin Hajek and Mehdi Jazayeri},
  title = {Detection of Logical Coupling Based on Product Release History},
  booktitle = {ICSM '98: Proceedings of the International Conference on Software
	Maintenance},
  year = {1998},
  pages = {190},
  address = {Washington, DC, USA},
  publisher = {IEEE Computer Society},
  isbn = {0-8186-8779-7}
}

@BOOK{Gamma1994,
  title = {{Design patterns: elements of reusable object-oriented software}},
  publisher = {Addison-Wesley Professional},
  year = {1994},
  author = {Erich Gamma and Richard Helm and Ralph Johnson and John M. Vlissides}
}

@INPROCEEDINGS{Geiger2006,
  author = {Reto Geiger and Beat Fluri and Harald C. Gall and Martin Pinzger},
  title = {Relation of Code Clones and Change Couplings},
  booktitle = {Proceedings of the 9th International Conference of Funtamental Approaches
	to Software Engineering (FASE)},
  year = {2006},
  series = {Lecture Notes in Computer Science},
  pages = {411-425},
  address = {Vienna, Austria},
  month = {March},
  publisher = {Springer},
  date-added = {2006-01-25 11:10:57 +0100},
  date-modified = {2006-04-03 08:45:33 +0200}
}

@BOOK{Genssler2003,
  title = {Source-to-Source Transformation in the Large},
  publisher = {Lecture Notes in Computer Science, Springer Berlin / Heidelberg},
  year = {2003},
  author = {Thomas Genssler and Volker Kuttruff},
  volume = {2789},
  pages = {254--265},
  owner = {miryung},
  timestamp = {2008.09.23}
}

@INPROCEEDINGS{German2006,
  author = {Daniel M. German and Peter C. Rigby and Margaret-Anne Storey},
  title = {Using evolutionary annotations from change logs to enhance program
	comprehension},
  booktitle = {MSR '06: Proceedings of the 2006 International Workshop on Mining
	Software Repositories},
  year = {2006},
  pages = {159--162},
  address = {New York, NY, USA},
  publisher = {ACM Press},
  doi = {http://doi.acm.org/10.1145/1137983.1138020},
  isbn = {1-59593-397-2},
  location = {Shanghai, China},
  owner = {miryung},
  timestamp = {2008.05.15}
}

@ARTICLE{Ghandeharizadeh1996,
  author = {Shahram Ghandeharizadeh and Richard Hull and Dean Jacobs},
  title = {Heraclitus: elevating deltas to be first-class citizens in a database
	programming language},
  journal = {ACM Transactions on Database Systems},
  year = {1996},
  volume = {21},
  pages = {370--426},
  number = {3},
  address = {New York, NY, USA},
  doi = {http://doi.acm.org/10.1145/232753.232801},
  issn = {0362-5915},
  owner = {miryung},
  publisher = {ACM Press},
  timestamp = {2008.05.15}
}

@INPROCEEDINGS{Girba2004,
  author = {Tudor Girba and St\'{e}phane Ducasse and Michele Lanza},
  title = {Yesterday's Weather: Guiding Early Reverse Engineering Efforts by
	Summarizing the Evolution of Changes},
  booktitle = {ICSM '04: Proceedings of the 20th IEEE International Conference on
	Software Maintenance},
  year = {2004},
  pages = {40--49},
  address = {Washington, DC, USA},
  publisher = {IEEE Computer Society},
  isbn = {0-7695-2213-0}
}

@INPROCEEDINGS{Godfrey2004,
  author = {Michael Godfrey and Xinyi Dong and Cory Kapser and Lijie Zou},
  title = {Four Interesting Ways in Which History Can Teach Us About Software},
  booktitle = {MSR '04: Proceedings of 2004 International Workshop on Mining Software
	Repositories},
  year = {2004},
  owner = {miryung},
  timestamp = {2008.05.15}
}

@INPROCEEDINGS{Godfrey2002,
  author = {Michael Godfrey and Qiang Tu},
  title = {Tracking structural evolution using origin analysis},
  booktitle = {IWPSE '02: Proceedings of the International Workshop on Principles
	of Software Evolution},
  year = {2002},
  pages = {117--119},
  doi = {http://doi.acm.org/10.1145/512035.512062},
  isbn = {1-58113-545-9},
  location = {Orlando, Florida},
  owner = {miryung},
  timestamp = {2008.05.15}
}

@INPROCEEDINGS{Godfrey2000,
  author = {Michael W. Godfrey and Davor Svetinovic and Qiang Tu},
  title = {Evolution, Growth, and Cloning in Linux, a Case Study},
  booktitle = {2000 CASCON workshop on Detecting Duplicated and Near Duplicated
	Structures in Large Software Systems},
  year = {2000},
  owner = {miryung},
  timestamp = {2008.06.17}
}

@INPROCEEDINGS{Gold2003,
  author = {Nicolas Gold and Andrew Mohan},
  title = {A Framework for Understanding Conceptual Changes in Evolving Source
	Code},
  booktitle = {ICSM '03: Proceedings of the International Conference on Software
	Maintenance},
  year = {2003},
  pages = {431},
  address = {Washington, DC, USA},
  publisher = {IEEE Computer Society},
  isbn = {0-7695-1905-9}
}

@INPROCEEDINGS{Goldsmith2005,
  author = {Simon Goldsmith and Robert O'Callahan and Alex Aiken},
  title = {Relational queries over program traces},
  booktitle = {OOPSLA '05: Proceedings of the 20th annual ACM SIGPLAN conference
	on Object oriented programming systems languages and applications},
  year = {2005},
  pages = {385--402},
  address = {New York, NY, USA},
  publisher = {ACM Press},
  doi = {http://doi.acm.org/10.1145/1094811.1094841},
  isbn = {1-59593-031-0},
  location = {San Diego, CA, USA},
  owner = {miryung},
  timestamp = {2008.05.15}
}

@INPROCEEDINGS{Gorg2005,
  author = {Carsten Gorg and Peter Weisgerber},
  title = {Detecting and Visualizing Refactorings from Software Archives},
  booktitle = {IWPC '05: Proceedings of the 13th International Workshop on Program
	Comprehension},
  year = {2005},
  pages = {205--214},
  address = {Washington, DC, USA},
  publisher = {IEEE Computer Society},
  doi = {http://dx.doi.org/10.1109/WPC.2005.18},
  isbn = {0-7695-2254-8}
}

@INPROCEEDINGS{Grass1990,
  author = {Judith E. Grass and Yih-Farn Chen},
  title = {The C++ Information Abstractor.},
  booktitle = {C++ Conference},
  year = {1990},
  pages = {265-278},
  bibsource = {DBLP, http://dblp.uni-trier.de},
  owner = {miryung},
  timestamp = {2008.05.15}
}

@ARTICLE{Graves2000,
  author = {Todd L. Graves and Alan F. Karr and J. S. Marron and Harvey Siy},
  title = {Predicting Fault Incidence Using Software Change History},
  journal = {IEEE Transactions on Software Engineering},
  year = {2000},
  volume = {26},
  pages = {653--661},
  number = {7},
  address = {Piscataway, NJ, USA},
  doi = {http://dx.doi.org/10.1109/32.859533},
  issn = {0098-5589},
  owner = {miryung},
  timestamp = {2008.05.15}
}

@INPROCEEDINGS{Graves1998,
  author = {Todd L. Graves and Audris Mockus},
  title = {Inferring Change Effort from Configuration Management Databases},
  booktitle = {METRICS '98: Proceedings of the 5th International Symposium on Software
	Metrics},
  year = {1998},
  pages = {267},
  address = {Washington, DC, USA},
  publisher = {IEEE Computer Society},
  isbn = {0-8186-9201-4}
}

@INPROCEEDINGS{Griswold2001,
  author = {Griswold, W.G.},
  title = {{Coping with crosscutting software changes using information transparency}},
  booktitle = {Reflection 2001: The Third International Conference on Metalevel
	Architectures and Separation of Crosscutting Concerns},
  year = {2001},
  pages = {250--265},
  publisher = {Springer},
  owner = {miryung},
  timestamp = {2008.05.15}
}

@PHDTHESIS{Griswold1991,
  author = {William G. Griswold},
  title = {Program Restructuring as an Aid to Software Maintenance},
  school = {University of Washington},
  year = {1991},
  owner = {miryung},
  timestamp = {2008.06.10}
}

@INPROCEEDINGS{Griswold1996,
  author = {William G. Griswold and Darren C. Atkinson and Collin McCurdy},
  title = {Fast, Flexible Syntactic Pattern Matching and Processing},
  booktitle = {WPC '96: Proceedings of the 4th International Workshop on Program
	Comprehension},
  year = {1996},
  pages = {144},
  address = {Washington, DC, USA},
  publisher = {IEEE Computer Society},
  isbn = {0-8186-7283-8}
}

@ARTICLE{Gulla1991,
  author = {Bjorn Gulla and Even-Andre Karlsson and Dashing Yeh},
  title = {Change-oriented version descriptions in EPOS},
  journal = {Software Engineering Journal},
  year = {1991},
  volume = {6},
  pages = {378--386},
  number = {6},
  address = {Herts, UK, UK},
  issn = {0268-6961},
  publisher = {Michael Faraday House}
}

@INPROCEEDINGS{Hajiyev2006,
  author = {Elnar Hajiyev and Mathieu Verbaere and de Moor, Oege},
  title = {CodeQuest: Scalable Source Code Queries with Datalog},
  booktitle = {ECOOP'06: Proceedings of the 20th European Conference on Object-Oriented
	Programming},
  year = {2006},
  volume = {4067},
  series = {Lecture Notes in Computer Science},
  pages = {2--27},
  address = {Berlin, Germany},
  publisher = {Springer},
  isbn = {3-540-35726-2},
  location = {Nantes, France}
}

@INPROCEEDINGS{Harrison2005,
  author = {Harrison, W. and Ossher, H. and Sutton, S. and Tarr, P.},
  title = {{Concern modeling in the concern manipulation environment}},
  booktitle = {Proceedings of the 2005 Workshop on Modeling and Analysis of Concerns
	in Software},
  year = {2005},
  pages = {1--5},
  publisher = {ACM Press New York, NY, USA},
  owner = {miryung},
  timestamp = {2008.05.15}
}

@INPROCEEDINGS{Harrold2001,
  author = {Mary Jean Harrold and James A. Jones and Tongyu Li and Donglin Liang
	and Alessandro Orso and Maikel Pennings and Saurabh Sinha and S.
	Alexander Spoon and Ashish Gujarathi},
  title = {Regression test selection for Java software},
  booktitle = {OOPSLA '01: Proceedings of the 16th ACM SIGPLAN Conference on Object
	Oriented Programming, Systems, Languages, and Applications},
  year = {2001},
  pages = {312--326},
  address = {New York, NY, USA},
  publisher = {ACM},
  doi = {http://doi.acm.org/10.1145/504282.504305},
  isbn = {1-58113-335-9},
  location = {Tampa Bay, FL, USA}
}

@INPROCEEDINGS{Hassan2004,
  author = {Ahmed E. Hassan and Richard C. Holt},
  title = {Predicting Change Propagation in Software Systems},
  booktitle = {ICSM '04: Proceedings of the 20th IEEE International Conference on
	Software Maintenance},
  year = {2004},
  pages = {284--293},
  address = {Washington, DC, USA},
  publisher = {IEEE Computer Society},
  isbn = {0-7695-2213-0}
}

@INPROCEEDINGS{Hassan2003,
  author = {Ahmed E. Hassan and Richard C. Holt},
  title = {The Chaos of Software Development},
  booktitle = {IWPSE '03: Proceedings of the 6th International Workshop on Principles
	of Software Evolution},
  year = {2003},
  pages = {84},
  address = {Washington, DC, USA},
  publisher = {IEEE Computer Society},
  isbn = {0-7695-1903-2}
}

@INPROCEEDINGS{Hayase2005,
  author = {Yasuhiro Hayase and Makoto Matsushita and Katsuro Inoue},
  title = {Revision control system using delta script of syntax tree},
  booktitle = {SCM '05: Proceedings of the 12th International Workshop on Software
	Configuration Management},
  year = {2005},
  pages = {133--149},
  address = {New York, NY, USA},
  publisher = {ACM Press},
  doi = {http://doi.acm.org/10.1145/1109128.1109138},
  isbn = {1-59593-310-7},
  location = {Lisbon, Portugal},
  owner = {miryung},
  timestamp = {2008.05.15}
}

@ARTICLE{Heckel1978,
  author = {Paul Heckel},
  title = {A technique for isolating differences between files},
  journal = {Communications of the ACM},
  year = {1978},
  volume = {21},
  pages = {264--268},
  number = {4},
  address = {New York, NY, USA},
  doi = {http://doi.acm.org/10.1145/359460.359467},
  issn = {0001-0782},
  owner = {miryung},
  publisher = {ACM Press},
  timestamp = {2008.05.15}
}

@INPROCEEDINGS{Hendrickson2007,
  author = {Scott A. Hendrickson and Andre van der Hoek},
  title = {Modeling Product Line Architectures through Change Sets and Relationships},
  booktitle = {ICSE '07: Proceedings of the 29th International Conference on Software
	Engineering},
  year = {2007},
  pages = {189--198},
  address = {Washington, DC, USA},
  publisher = {IEEE Computer Society},
  doi = {http://dx.doi.org/10.1109/ICSE.2007.56},
  isbn = {0-7695-2828-7}
}

@INPROCEEDINGS{Henkel2005,
  author = {Johannes Henkel and Amer Diwan},
  title = {CatchUp!: capturing and replaying refactorings to support API evolution},
  booktitle = {ICSE '05: Proceedings of the 27th International Conference on Software
	Engineering},
  year = {2005},
  pages = {274--283},
  address = {New York, NY, USA},
  publisher = {ACM},
  doi = {http://doi.acm.org/10.1145/1062455.1062512},
  isbn = {1-59593-963-2},
  location = {St. Louis, MO, USA}
}

@INPROCEEDINGS{Herbsleb2001,
  author = {James D. Herbsleb and Audris Mockus and Thomas A. Finholt and Rebecca
	E. Grinter},
  title = {An empirical study of global software development: distance and speed},
  booktitle = {ICSE '01: Proceedings of the 23rd International Conference on Software
	Engineering},
  year = {2001},
  pages = {81--90},
  address = {Washington, DC, USA},
  publisher = {IEEE Computer Society},
  isbn = {0-7695-1050-7},
  location = {Toronto, Ontario, Canada},
  owner = {miryung},
  timestamp = {2008.05.15}
}

@INPROCEEDINGS{Higo2005,
  author = {Yoshiki Higo and Toshihiro Kamiya and Shinji Kusumoto and Katsuro
	Inoue},
  title = {ARIES: refactoring support tool for code clone},
  booktitle = {3-WoSQ: Proceedings of the third workshop on Software quality},
  year = {2005},
  pages = {1--4},
  address = {New York, NY, USA},
  publisher = {ACM},
  doi = {http://doi.acm.org/10.1145/1083292.1083306},
  isbn = {1-59593-122-8},
  location = {St. Louis, Missouri}
}

@INPROCEEDINGS{Higo2004,
  author = {Yoshiki Higo and Toshihiro Kamiya and Shinji Kusumoto and Katsuro
	Inoue},
  title = {Refactoring Support Based on Code Clone Analysis},
  booktitle = {PROFES '04: Proceedings of 5th International Conference on Product
	Focused Software Process Improvement, Kausai Science City, Japan,
	April 5-8, 2004},
  year = {2004},
  pages = {220-233},
  bibsource = {DBLP, http://dblp.uni-trier.de},
  ee = {http://springerlink.metapress.com/openurl.asp?genre=article{\&}issn=0302-9743{\&}volume=3009{\&}spage=220}
}

@INPROCEEDINGS{Higo2007,
  author = {Yoshiki Higo and Yasushi Ueda and Shinji Kusumoto and Katsuro Inoue},
  title = {Simultaneous Modification Support based on Code Clone Analysis},
  booktitle = {APSEC '07: Proceedings of the 14th Asia-Pacific Software Engineering
	Conference},
  year = {2007},
  pages = {262--269},
  address = {Washington, DC, USA},
  publisher = {IEEE Computer Society},
  doi = {http://dx.doi.org/10.1109/APSEC.2007.83},
  isbn = {0-7695-3057-5}
}

@INPROCEEDINGS{Hindle2005,
  author = {Abram Hindle and Daniel M. German},
  title = {SCQL: a formal model and a query language for source control repositories},
  booktitle = {MSR '05: Proceedings of the 2005 International Workshop on Mining
	Software Repositories},
  year = {2005},
  pages = {1--5},
  address = {New York, NY, USA},
  publisher = {ACM},
  doi = {http://doi.acm.org/10.1145/1083142.1083161},
  isbn = {1-59593-123-6},
  location = {St. Louis, Missouri}
}

@INPROCEEDINGS{Holmes2005,
  author = {Reid Holmes and Gail C. Murphy},
  title = {Using structural context to recommend source code examples},
  booktitle = {ICSE '05: Proceedings of the 27th International Conference on Software
	Engineering},
  year = {2005},
  pages = {117--125},
  address = {New York, NY, USA},
  publisher = {ACM Press},
  doi = {http://doi.acm.org/10.1145/1062455.1062491},
  isbn = {1-59593-963-2},
  location = {St. Louis, MO, USA},
  owner = {miryung},
  timestamp = {2008.05.15}
}

@INPROCEEDINGS{Holt1996,
  author = {R. Holt and J. Y. Pak},
  title = {GASE: visualizing software evolution-in-the-large},
  booktitle = {WCRE '96: Proceedings of the 3rd Working Conference on Reverse Engineering},
  year = {1996},
  pages = {163},
  address = {Washington, DC, USA},
  publisher = {IEEE Computer Society},
  isbn = {0-8186-7674-4}
}

@INPROCEEDINGS{Holt1999,
  author = {Richard C. Holt},
  title = {Software architecture abstraction and aggregation as algebraic manipulations},
  booktitle = {CASCON '99: Proceedings of the 1999 conference of the Centre for
	Advanced Studies on Collaborative research},
  year = {1999},
  pages = {5},
  publisher = {IBM Press},
  location = {Mississauga, Ontario, Canada},
  owner = {miryung},
  timestamp = {2008.05.15}
}

@INPROCEEDINGS{Holt1998,
  author = {Richard C. Holt},
  title = {Structural Manipulations of Software Architecture Using Tarski Relational
	Algebra},
  booktitle = {WCRE '98: Proceedings of the Working Conference on Reverse Engineering},
  year = {1998},
  pages = {210},
  address = {Washington, DC, USA},
  publisher = {IEEE Computer Society},
  isbn = {0-8186-8967-6}
}

@INPROCEEDINGS{Horwitz1990,
  author = {Susan Horwitz},
  title = {Identifying the semantic and textual differences between two versions
	of a program},
  booktitle = {PLDI '90: Proceedings of the ACM SIGPLAN 1990 conference on Programming
	language design and implementation},
  year = {1990},
  pages = {234--245},
  address = {New York, NY, USA},
  publisher = {ACM},
  doi = {http://doi.acm.org/10.1145/93542.93574},
  isbn = {0-89791-364-7},
  location = {White Plains, New York, United States}
}

@ARTICLE{Horwitz1989,
  author = {Susan Horwitz and Jan Prins and Thomas Reps},
  title = {Integrating noninterfering versions of programs},
  journal = {ACM Transactions on Programming Languages and Systems},
  year = {1989},
  volume = {11},
  pages = {345--387},
  number = {3},
  address = {New York, NY, USA},
  doi = {http://doi.acm.org/10.1145/65979.65980},
  issn = {0164-0925},
  owner = {miryung},
  publisher = {ACM Press},
  timestamp = {2008.05.15}
}

@BOOK{Hunt2000,
  title = {{The Pragmatic Programmer: From Journeyman to Master}},
  publisher = {Addison-Wesley Professional},
  year = {2000},
  author = {Andrew Hunt and David Thomas}
}

@INPROCEEDINGS{Hunt2002,
  author = {James J. Hunt and Walter F. Tichy},
  title = {Extensible Language-Aware Merging},
  booktitle = {ICSM '02: Proceedings of the International Conference on Software
	Maintenance (ICSM'02)},
  year = {2002},
  pages = {511},
  address = {Washington, DC, USA},
  publisher = {IEEE Computer Society},
  isbn = {0-7695-1819-2}
}

@ARTICLE{Hunt1998,
  author = {James J. Hunt and Kiem-Phong Vo and Walter F. Tichy},
  title = {Delta algorithms: an empirical analysis},
  journal = {ACM Transactions on Software Engineering and Methodology},
  year = {1998},
  volume = {7},
  pages = {192--214},
  number = {2},
  address = {New York, NY, USA},
  doi = {http://doi.acm.org/10.1145/279310.279321},
  issn = {1049-331X},
  owner = {miryung},
  publisher = {ACM Press},
  timestamp = {2008.05.15}
}

@ARTICLE{Hunt1976,
  author = {James W. Hunt and M.D. Mcilroy},
  title = {An algorithm for differential file comparison},
  journal = {Technical report},
  year = {1976},
  address = {AT\&T Bell Laboraties, Inc., Murray Hill, NJ},
  owner = {miryung},
  timestamp = {2008.05.15}
}

@ARTICLE{Hunt1977,
  author = {James W. Hunt and Thomas G. Szymanski},
  title = {A fast algorithm for computing longest common subsequences},
  journal = {Communications of the ACM},
  year = {1977},
  volume = {20},
  pages = {350--353},
  number = {5},
  address = {New York, NY, USA},
  doi = {http://doi.acm.org/10.1145/359581.359603},
  issn = {0001-0782},
  owner = {miryung},
  publisher = {ACM Press},
  timestamp = {2008.05.15}
}

@INPROCEEDINGS{Ignat2004,
  author = {IClaudia-Lavinia Ignat and Moira C. Norrie},
  title = {{Operation-based versus State-based Merging in Asynchronous Graphical
	Collaborative Editing}},
  booktitle = {Proceedings of the 6th International Workshop on Collaborative Editing
	Systems, Chicago, November},
  year = {2004},
  owner = {miryung},
  timestamp = {2008.05.15}
}

@INPROCEEDINGS{Izurieta2006,
  author = {Clemente Izurieta and James Bieman},
  title = {The evolution of FreeBSD and linux},
  booktitle = {ISESE '06: Proceedings of the 2006 ACM/IEEE International Symposium
	on Empirical Software Engineering},
  year = {2006},
  pages = {204--211},
  address = {New York, NY, USA},
  publisher = {ACM},
  doi = {http://doi.acm.org/10.1145/1159733.1159765},
  isbn = {1-59593-218-6},
  location = {Rio de Janeiro, Brazil}
}

@ARTICLE{Jackson2002,
  author = {Daniel Jackson},
  title = {Alloy: a lightweight object modelling notation},
  journal = {ACM Transactions on Software Engineering Methodology},
  year = {2002},
  volume = {11},
  pages = {256--290},
  number = {2},
  address = {New York, NY, USA},
  doi = {http://doi.acm.org/10.1145/505145.505149},
  issn = {1049-331X},
  publisher = {ACM}
}

@INPROCEEDINGS{Jackson1994,
  author = {Daniel Jackson and David A. Ladd},
  title = {Semantic Diff: A Tool for Summarizing the Effects of Modifications},
  booktitle = {ICSM '94: Proceedings of the International Conference on Software
	Maintenance},
  year = {1994},
  pages = {243--252},
  address = {Washington, DC, USA},
  publisher = {IEEE Computer Society},
  isbn = {0-8186-6330-8}
}

@INPROCEEDINGS{Janzen2003,
  author = {Doug Janzen and Kris De Volder},
  title = {Navigating and querying code without getting lost},
  booktitle = {International Conference on Aspect Oriented Software Development},
  year = {2003},
  pages = {178--187},
  doi = {http://doi.acm.org/10.1145/643603.643622},
  isbn = {1-58113-660-9},
  location = {Boston, Massachusetts},
  owner = {miryung},
  timestamp = {2008.05.15}
}

@INPROCEEDINGS{Jarzabek2003,
  author = {Stan Jarzabek and Li Shubiao},
  title = {Eliminating redundancies with a "composition with adaptation" meta-programming
	technique},
  booktitle = {ESEC/FSE-11: Proceedings of the 9th European Software Engineering
	Conference held jointly with 11th ACM SIGSOFT International Symposium
	on Foundations of Software Engineering},
  year = {2003},
  pages = {237--246},
  address = {New York, NY, USA},
  publisher = {ACM},
  doi = {http://doi.acm.org/10.1145/940071.940104},
  isbn = {1-58113-743-5},
  location = {Helsinki, Finland}
}

@INPROCEEDINGS{Jiang2007a,
  author = {Lingxiao Jiang and Ghassan Misherghi and Zhendong Su and Stephane
	Glondu},
  title = {DECKARD: Scalable and Accurate Tree-Based Detection of Code Clones},
  booktitle = {ICSE '07: Proceedings of the 29th International Conference on Software
	Engineering},
  year = {2007},
  pages = {96--105},
  address = {Washington, DC, USA},
  publisher = {IEEE Computer Society},
  doi = {http://dx.doi.org/10.1109/ICSE.2007.30},
  isbn = {0-7695-2828-7}
}

@INPROCEEDINGS{Jiang2007,
  author = {Lingxiao Jiang and Zhendong Su and Edwin Chiu},
  title = {Context-based detection of clone-related bugs},
  booktitle = {ESEC-FSE '07: Proceedings of the the 6th joint meeting of the European
	Software Engineering Conference and the ACM SIGSOFT symposium on
	The foundations of software engineering},
  year = {2007},
  pages = {55--64},
  address = {New York, NY, USA},
  publisher = {ACM},
  doi = {http://doi.acm.org/10.1145/1287624.1287634},
  isbn = {978-1-59593-811-4},
  location = {Dubrovnik, Croatia}
}

@INPROCEEDINGS{Johnson1993,
  author = {J. Howard Johnson},
  title = {Identifying redundancy in source code using fingerprints},
  booktitle = {CASCON '93: Proceedings of the 1993 conference of the Centre for
	Advanced Studies on Collaborative research},
  year = {1993},
  pages = {171--183},
  publisher = {IBM Press},
  location = {Toronto, Ontario, Canada}
}

@ARTICLE{Kamiya2002,
  author = {Toshihiro Kamiya and Shinji Kusumoto and Katsuro Inoue},
  title = {{CCF}inder: A Multilinguistic Token-Based Code Clone Detection System
	for Large Scale Source Code.},
  journal = {IEEE Transactions on Software Engineering},
  year = {2002},
  volume = {28},
  pages = {654-670},
  number = {7},
  bibsource = {DBLP, http://dblp.uni-trier.de},
  ee = {http://www.computer.org:80/tse/ts2002/e0654abs.htm},
  owner = {miryung},
  timestamp = {2008.05.15}
}

@INPROCEEDINGS{Kapser2006,
  author = {Cory Kapser and Michael W. Godfrey},
  title = {"Cloning Considered Harmful" Considered Harmful},
  booktitle = {WCRE '06: Proceedings of the 13th Working Conference on Reverse Engineering},
  year = {2006},
  pages = {19--28},
  address = {Washington, DC, USA},
  publisher = {IEEE Computer Society},
  doi = {http://dx.doi.org/10.1109/WCRE.2006.1},
  isbn = {0-7695-2719-1}
}

@INPROCEEDINGS{Kapser2005,
  author = {Cory Kapser and Michael W. Godfrey},
  title = {Improved Tool Support for the Investigation of Duplication in Software},
  booktitle = {ICSM '05: Proceedings of the 21st IEEE International Conference on
	Software Maintenance},
  year = {2005},
  pages = {305--314},
  address = {Washington, DC, USA},
  publisher = {IEEE Computer Society},
  doi = {http://dx.doi.org/10.1109/ICSM.2005.52},
  isbn = {0-7695-2368-4}
}

@INPROCEEDINGS{Kapser2004,
  author = {Cory Kapser and Michael W. Godfrey},
  title = {Aiding Comprehension of Cloning Through Categorization},
  booktitle = {IWPSE '04: Proceedings of the Principles of Software Evolution, 7th
	International Workshop},
  year = {2004},
  pages = {85--94},
  address = {Washington, DC, USA},
  publisher = {IEEE Computer Society},
  doi = {http://dx.doi.org/10.1109/IWPSE.2004.3},
  isbn = {0-7695-2211-4}
}

@ARTICLE{Kataoka2001,
  author = {Yoshio Kataoka and David Notkin and Michael D. Ernst and William
	G. Griswold},
  title = {Automated Support for Program Refactoring using Invariants},
  journal = {ICSM},
  year = {2001},
  volume = {00},
  pages = {736},
  address = {Los Alamitos, CA, USA},
  doi = {http://doi.ieeecomputersociety.org/10.1109/ICSM.2001.972794},
  issn = {1063-6773},
  publisher = {IEEE Computer Society}
}

@ARTICLE{Kemerer1999,
  author = {Chris F. Kemerer and Sandra Slaughter},
  title = {An Empirical Approach to Studying Software Evolution},
  journal = {IEEE Transactions on Software Engineering},
  year = {1999},
  volume = {25},
  pages = {493-509},
  number = {4},
  address = {Los Alamitos, CA, USA},
  doi = {http://doi.ieeecomputersociety.org/10.1109/32.799945},
  issn = {0098-5589},
  publisher = {IEEE Computer Society}
}

@INPROCEEDINGS{Kersten2005,
  author = {Mik Kersten and Gail C. Murphy},
  title = {Mylar: a degree-of-interest model for IDEs},
  booktitle = {AOSD '05: Proceedings of the 4th International Conference on Aspect-Oriented
	Software Development},
  year = {2005},
  pages = {159--168},
  address = {New York, NY, USA},
  publisher = {ACM Press},
  doi = {http://doi.acm.org/10.1145/1052898.1052912},
  isbn = {1-59593-043-4},
  location = {Chicago, Illinois},
  owner = {miryung},
  timestamp = {2008.05.15}
}

@INPROCEEDINGS{Khardon2000,
  author = {Roni Khardon},
  title = {Learning Horn Expressions with LogAn-H},
  booktitle = {ICML '00: Proceedings of the Seventeenth International Conference
	on Machine Learning},
  year = {2000},
  pages = {471--478},
  address = {San Francisco, CA, USA},
  publisher = {Morgan Kaufmann Publishers Inc.},
  isbn = {1-55860-707-2}
}

@INPROCEEDINGS{Kiczales2001,
  author = {Gregor Kiczales and Erik Hilsdale and Jim Hugunin and Mik Kersten
	and Jeffrey Palm and William G. Griswold},
  title = {An Overview of AspectJ},
  booktitle = {ECOOP '01: Proceedings of the 15th European Conference on Object-Oriented
	Programming},
  year = {2001},
  pages = {327--353},
  address = {London, UK},
  publisher = {Springer-Verlag},
  isbn = {3-540-42206-4}
}

@INPROCEEDINGS{Kiczales1997,
  author = {Gregor Kiczales and John Lamping and Anurag Menhdhekar and Chris
	Maeda and Cristina Lopes and Jean-Marc Loingtier and John Irwin},
  title = {Aspect-Oriented Programming},
  booktitle = {European Conference on Object-oriented Programming},
  year = {1997},
  volume = {1241},
  pages = {220--242},
  publisher = {Lecture Notes in Computer Science 1241},
  owner = {miryung},
  timestamp = {2008.05.15},
  url = {citeseer.ist.psu.edu/kiczales97aspectoriented.html}
}

@INPROCEEDINGS{Kiefer2007,
  author = {Christoph Kiefer and Abraham Bernstein and Jonas Tappolet},
  title = {Mining Software Repositories with iSPAROL and a Software Evolution
	Ontology},
  booktitle = {MSR '07: Proceedings of the Fourth International Workshop on Mining
	Software Repositories},
  year = {2007},
  pages = {10},
  address = {Washington, DC, USA},
  publisher = {IEEE Computer Society},
  doi = {http://dx.doi.org/10.1109/MSR.2007.21},
  isbn = {0-7695-2950-X}
}

@INPROCEEDINGS{Kim2002,
  author = {Jung-Min Kim and Adam Porter},
  title = {A history-based test prioritization technique for regression testing
	in resource constrained environments},
  booktitle = {ICSE '02: Proceedings of the 24th International Conference on Software
	Engineering},
  year = {2002},
  pages = {119--129},
  address = {New York, NY, USA},
  publisher = {ACM},
  doi = {http://doi.acm.org/10.1145/581339.581357},
  isbn = {1-58113-472-X},
  location = {Orlando, Florida}
}

@INPROCEEDINGS{Kim2004,
  author = {Miryung Kim and Lawrence Bergman and Tessa Lau and David Notkin},
  title = {An Ethnographic Study of Copy and Paste Programming Practices in
	OOPL},
  booktitle = {ISESE '04: Proceedings of the 2004 International Symposium on Empirical
	Software Engineering},
  year = {2004},
  pages = {83--92},
  address = {Washington, DC, USA},
  publisher = {IEEE Computer Society},
  doi = {http://dx.doi.org/10.1109/ISESE.2004.10},
  isbn = {0-7695-2165-7}
}

@INPROCEEDINGS{Kim2006,
  author = {Miryung Kim and David Notkin},
  title = {Program element matching for multi-version program analyses},
  booktitle = {Proceedings of the International Workshop on Mining Software Repositories},
  year = {2006},
  pages = {58--64},
  doi = {http://doi.acm.org/10.1145/1137983.1137999},
  isbn = {1-59593-397-2},
  location = {Shanghai, China},
  owner = {miryung},
  timestamp = {2008.05.15}
}

@INPROCEEDINGS{Kim2005a,
  author = {Miryung Kim and David Notkin},
  title = {Using a clone genealogy extractor for understanding and supporting
	evolution of code clones},
  booktitle = {MSR '05: Proceedings of the 2005 International Workshop on Mining
	Software Repositories},
  year = {2005},
  pages = {1--5},
  address = {New York, NY, USA},
  publisher = {ACM},
  doi = {http://doi.acm.org/10.1145/1083142.1083146},
  isbn = {1-59593-123-6},
  location = {St. Louis, Missouri}
}

@INPROCEEDINGS{Kim2007,
  author = {Miryung Kim and David Notkin and Dan Grossman},
  title = {Automatic Inference of Structural Changes for Matching across Program
	Versions},
  booktitle = {ICSE '07: Proceedings of the 29th International Conference on Software
	Engineering},
  year = {2007},
  pages = {333--343},
  address = {Washington, DC, USA},
  publisher = {IEEE Computer Society},
  doi = {http://dx.doi.org/10.1109/ICSE.2007.20},
  isbn = {0-7695-2828-7}
}

@INPROCEEDINGS{Kim2005,
  author = {Miryung Kim and Vibha Sazawal and David Notkin and Gail Murphy},
  title = {An empirical study of code clone genealogies},
  booktitle = {ESEC/FSE-13: Proceedings of the 10th European Software Engineering
	Conference held jointly with 13th ACM SIGSOFT International Symposium
	on Foundations of Software Engineering},
  year = {2005},
  pages = {187--196},
  address = {New York, NY, USA},
  publisher = {ACM},
  doi = {http://doi.acm.org/10.1145/1081706.1081737},
  isbn = {1-59593-014-0},
  location = {Lisbon, Portugal}
}

@INPROCEEDINGS{SKim2007,
  author = {Sunghun Kim and Michael D. Ernst},
  title = {Which warnings should I fix first?},
  booktitle = {ESEC-FSE '07: Proceedings of the the 6th joint meeting of the European
	Software Engineering Conference and the ACM SIGSOFT Symposium on
	Foundations of Software Engineering},
  year = {2007},
  pages = {45--54},
  address = {New York, NY, USA},
  publisher = {ACM},
  doi = {http://doi.acm.org/10.1145/1287624.1287633},
  isbn = {978-1-59593-811-4},
  location = {Dubrovnik, Croatia}
}

@INPROCEEDINGS{SKim2005,
  author = {Sunghun Kim and Kai Pan and E. James Whitehead, Jr.},
  title = {When Functions Change Their Names: Automatic Detection of Origin
	Relationships},
  booktitle = {WCRE '05: Proceedings of the 12th Working Conference on Reverse Engineering},
  year = {2005},
  pages = {143--152},
  address = {Washington, DC, USA},
  publisher = {IEEE Computer Society},
  doi = {http://dx.doi.org/10.1109/WCRE.2005.33},
  isbn = {0-7695-2474-5}
}

@INPROCEEDINGS{SKim2005a,
  author = {Sunghun Kim and E. James Whitehead and Jennifer Bevan},
  title = {Analysis of signature change patterns},
  booktitle = {MSR '05: Proceedings of the 2005 International Workshop on Mining
	Software Repositories},
  year = {2005},
  pages = {1--5},
  address = {New York, NY, USA},
  publisher = {ACM},
  doi = {http://doi.acm.org/10.1145/1083142.1083154},
  isbn = {1-59593-123-6},
  location = {St. Louis, Missouri}
}

@INPROCEEDINGS{Kniesel2007,
  author = {G\"{u}nter Kniesel and Jan Hannemann and Tobias Rho},
  title = {A comparison of logic-based infrastructures for concern detection
	and extraction},
  booktitle = {LATE '07: Proceedings of the 3rd Workshop on Linking Aspect Technology
	and Evolution},
  year = {2007},
  pages = {6},
  address = {New York, NY, USA},
  publisher = {ACM},
  doi = {http://doi.acm.org/10.1145/1275672.1275678},
  isbn = {1-59593-655-4},
  location = {Vancouver, British Columbia, Canada}
}

@INPROCEEDINGS{Ko2007,
  author = {Andrew J. Ko and Robert DeLine and Gina Venolia},
  title = {Information Needs in Collocated Software Development Teams},
  booktitle = {International Conference on Software Engineering},
  year = {2007},
  pages = {344--353},
  doi = {http://dx.doi.org/10.1109/International Conference on Software Engineering.2007.45},
  isbn = {0-7695-2828-7},
  owner = {miryung},
  timestamp = {2008.05.15}
}

@INPROCEEDINGS{Kok2005,
  author = {Stanley Kok and Pedro Domingos},
  title = {Learning the structure of Markov logic networks},
  booktitle = {ICML '05: Proceedings of the 22nd international conference on Machine
	learning},
  year = {2005},
  pages = {441--448},
  address = {New York, NY, USA},
  publisher = {ACM},
  doi = {http://doi.acm.org/10.1145/1102351.1102407},
  isbn = {1-59593-180-5},
  location = {Bonn, Germany}
}

@INPROCEEDINGS{Komondoor2003,
  author = {Raghavan Komondoor and Susan Horwitz},
  title = {Effective, Automatic Procedure Extraction},
  booktitle = {IWPC '03: Proceedings of the 11th IEEE International Workshop on
	Program Comprehension},
  year = {2003},
  pages = {33},
  address = {Washington, DC, USA},
  publisher = {IEEE Computer Society},
  isbn = {0-7695-1883-4}
}

@INPROCEEDINGS{Komondoor2001,
  author = {Raghavan Komondoor and Susan Horwitz},
  title = {Using Slicing to Identify Duplication in Source Code.},
  booktitle = {SAS},
  year = {2001},
  pages = {40-56},
  bibsource = {DBLP, http://dblp.uni-trier.de},
  ee = {http://link.springer.de/link/service/series/0558/bibs/2126/21260040.htm},
  owner = {miryung},
  timestamp = {2008.05.15}
}

@INPROCEEDINGS{Komondoor2000,
  author = {Raghavan Komondoor and Susan Horwitz},
  title = {Semantics-preserving procedure extraction},
  booktitle = {POPL '00: Proceedings of the 27th ACM SIGPLAN-SIGACT Symposium on
	Principles of Programming Languages},
  year = {2000},
  pages = {155--169},
  address = {New York, NY, USA},
  publisher = {ACM Press},
  doi = {http://doi.acm.org/10.1145/325694.325713},
  isbn = {1-58113-125-9},
  location = {Boston, MA, USA},
  owner = {miryung},
  timestamp = {2008.05.15}
}

@INPROCEEDINGS{Koschke2006,
  author = {Rainer Koschke and Raimar Falke and Pierre Frenzel},
  title = {Clone Detection Using Abstract Syntax Suffix Trees},
  booktitle = {WCRE '06: Proceedings of the 13th Working Conference on Reverse Engineering},
  year = {2006},
  pages = {253--262},
  address = {Washington, DC, USA},
  publisher = {IEEE Computer Society},
  doi = {http://dx.doi.org/10.1109/WCRE.2006.18},
  isbn = {0-7695-2719-1}
}

@INPROCEEDINGS{Krinke2007,
  author = {Jens Krinke},
  title = {A Study of Consistent and Inconsistent Changes to Code Clones},
  booktitle = {WCRE '07: Proceedings of the 14th Working Conference on Reverse Engineering},
  year = {2007},
  pages = {170--178},
  address = {Washington, DC, USA},
  publisher = {IEEE Computer Society},
  doi = {http://dx.doi.org/10.1109/WCRE.2007.7},
  isbn = {0-7695-3034-6}
}

@INPROCEEDINGS{Krinke2001,
  author = {Jens Krinke},
  title = {Identifying Similar Code with Program Dependence Graphs},
  booktitle = {WCRE '01: Proceedings of the Eighth Working Conference on Reverse
	Engineering},
  year = {2001},
  pages = {301},
  address = {Washington, DC, USA},
  publisher = {IEEE Computer Society},
  isbn = {0-7695-1303-4}
}

@INPROCEEDINGS{Lacey2001,
  author = {David Lacey and Oege de Moor},
  title = {Imperative Program Transformation by Rewriting},
  booktitle = {CC '01: Proceedings of the 10th International Conference on Compiler
	Construction},
  year = {2001},
  pages = {52--68},
  address = {London, UK},
  publisher = {Springer-Verlag},
  isbn = {3-540-41861-X},
  owner = {miryung},
  timestamp = {2008.05.15}
}

@ARTICLE{Ladd1995,
  author = {David A. Ladd and J. Christopher Ramming},
  title = {A*: A Language for Implementing Language Processors},
  journal = {IEEE Transactions on Software Engineering},
  year = {1995},
  volume = {21},
  pages = {894-901},
  number = {11},
  address = {Los Alamitos, CA, USA},
  doi = {http://doi.ieeecomputersociety.org/10.1109/32.473218},
  issn = {0098-5589},
  publisher = {IEEE Computer Society}
}

@INPROCEEDINGS{Lague1997,
  author = {Bruno Lague and Daniel Proulx and Jean Mayrand and Ettore M. Merlo
	and John Hudepohl},
  title = {Assessing the Benefits of Incorporating Function Clone Detection
	in a Development Process},
  booktitle = {ICSM '97: Proceedings of the International Conference on Software
	Maintenance},
  year = {1997},
  pages = {314},
  address = {Washington, DC, USA},
  publisher = {IEEE Computer Society},
  isbn = {0-8186-8013-X}
}

@INPROCEEDINGS{Lange1989,
  author = {B. M. Lange and T. G. Moher},
  title = {Some strategies of reuse in an object-oriented programming environment},
  booktitle = {CHI '89: Proceedings of the SIGCHI conference on Human factors in
	computing systems},
  year = {1989},
  pages = {69--73},
  address = {New York, NY, USA},
  publisher = {ACM},
  doi = {http://doi.acm.org/10.1145/67449.67465},
  isbn = {0-89791-301-9}
}

@INPROCEEDINGS{Lanza2001,
  author = {Michele Lanza},
  title = {The evolution matrix: recovering software evolution using software
	visualization techniques},
  booktitle = {IWPSE '01: Proceedings of the 4th International Workshop on Principles
	of Software Evolution},
  year = {2001},
  pages = {37--42},
  address = {New York, NY, USA},
  publisher = {ACM},
  doi = {http://doi.acm.org/10.1145/602461.602467},
  isbn = {1-58113-508-4},
  location = {Vienna, Austria}
}

@ARTICLE{Lanza2003,
  author = {Michele Lanza and St\'{e}phane Ducasse},
  title = {Polymetric Views-A Lightweight Visual Approach to Reverse Engineering},
  journal = {IEEE Transactions on Software Engineering},
  year = {2003},
  volume = {29},
  pages = {782--795},
  number = {9},
  address = {Piscataway, NJ, USA},
  doi = {http://dx.doi.org/10.1109/TSE.2003.1232284},
  issn = {0098-5589},
  publisher = {IEEE Press}
}

@INPROCEEDINGS{Laski1992,
  author = {Janusz Laski and Wojciech Szermer},
  title = {Identification of Program Modifications and its Applications in Software
	Maintenance},
  booktitle = {ICSM 1992: Proceedings of International Conference on Software Maintenance},
  year = {1992},
  owner = {miryung},
  timestamp = {2008.05.15}
}

@INPROCEEDINGS{Latoza2006,
  author = {Thomas D. LaToza and Gina Venolia and Robert DeLine},
  title = {Maintaining mental models: a study of developer work habits},
  booktitle = {ICSE '06: Proceedings of the 28th International Conference on Software
	Engineering},
  year = {2006},
  pages = {492--501},
  address = {New York, NY, USA},
  publisher = {ACM},
  doi = {http://doi.acm.org/10.1145/1134285.1134355},
  isbn = {1-59593-375-1},
  location = {Shanghai, China}
}

@ARTICLE{Levenstein1966,
  author = {V. I. Levenstein},
  title = {Binary codes capable of correcting deletions, insertions, and reversals},
  journal = {Soviet Physics Doklady 10},
  year = {1966},
  volume = {10},
  pages = {707-710},
  number = {8}
}

@INPROCEEDINGS{Li2004,
  author = {Zhenmin Li and Shan Lu and Suvda Myagmar and Yuanyuan Zhou},
  title = {{CP-M}iner: A Tool for Finding Copy-paste and Related Bugs in Operating
	System Code.},
  booktitle = {OSDI},
  year = {2004},
  pages = {289-302},
  bibsource = {DBLP, http://dblp.uni-trier.de},
  ee = {http://www.usenix.org/events/osdi04/tech/li_z.html},
  owner = {miryung},
  timestamp = {2008.05.15}
}

@ARTICLE{Lie1989,
  author = {A. Lie and R. Conradi and T. M. Didriksen and E.-A. Karlsson},
  title = {Change oriented versioning in a software engineering database},
  journal = {SIGSOFT Software Engineering Notes},
  year = {1989},
  volume = {14},
  pages = {56--65},
  number = {7},
  address = {New York, NY, USA},
  doi = {http://doi.acm.org/10.1145/73337.73348},
  issn = {0163-5948},
  publisher = {ACM}
}

@INPROCEEDINGS{Linton1984,
  author = {Mark A. Linton},
  title = {Implementing relational views of programs},
  booktitle = {SDE 1: Proceedings of the first ACM SIGSOFT/SIGPLAN Software Engineering
	Symposium on Practical Software Development Environments},
  year = {1984},
  pages = {132--140},
  address = {New York, NY, USA},
  publisher = {ACM},
  doi = {http://doi.acm.org/10.1145/800020.808258},
  isbn = {0-89791-131-8}
}

@ARTICLE{Lippe1992,
  author = {Ernst Lippe and Norbert van Oosterom},
  title = {Operation-based merging},
  journal = {SIGSOFT Software Engineering Notes},
  year = {1992},
  volume = {17},
  pages = {78--87},
  number = {5},
  address = {New York, NY, USA},
  doi = {http://doi.acm.org/10.1145/142882.143753},
  issn = {0163-5948},
  publisher = {ACM}
}

@INPROCEEDINGS{Livieri2007a,
  author = {Simone Livieri and Yoshiki Higo and Makoto Matsushita and Katsuro
	Inoue},
  title = {Analysis of the Linux Kernel Evolution Using Code Clone Coverage},
  booktitle = {MSR '07: Proceedings of the Fourth International Workshop on Mining
	Software Repositories},
  year = {2007},
  pages = {22},
  address = {Washington, DC, USA},
  publisher = {IEEE Computer Society},
  doi = {http://dx.doi.org/10.1109/MSR.2007.1},
  isbn = {0-7695-2950-X}
}

@INPROCEEDINGS{Livieri2007,
  author = {Simone Livieri and Yoshiki Higo and Makoto Matushita and Katsuro
	Inoue},
  title = {Very-Large Scale Code Clone Analysis and Visualization of Open Source
	Programs Using Distributed CCFinder: D-CCFinder},
  booktitle = {ICSE '07: Proceedings of the 29th International Conference on Software
	Engineering},
  year = {2007},
  pages = {106--115},
  address = {Washington, DC, USA},
  publisher = {IEEE Computer Society},
  doi = {http://dx.doi.org/10.1109/ICSE.2007.97},
  isbn = {0-7695-2828-7}
}

@INPROCEEDINGS{Livshits2005,
  author = {Benjamin Livshits and Thomas Zimmermann},
  title = {DynaMine: finding common error patterns by mining software revision
	histories},
  booktitle = {ESEC/FSE-13: Proceedings of the 10th European Software Engineering
	Conference held jointly with 13th ACM SIGSOFT International Symposium
	on Foundations of Software Engineering},
  year = {2005},
  pages = {296--305},
  address = {New York, NY, USA},
  publisher = {ACM},
  doi = {http://doi.acm.org/10.1145/1081706.1081754},
  isbn = {1-59593-014-0},
  location = {Lisbon, Portugal}
}

@INPROCEEDINGS{Lozano2007,
  author = {Angela Lozano and Michel Wermelinger and Bashar Nuseibeh},
  title = {Evaluating the Harmfulness of Cloning: A Change Based Experiment},
  booktitle = {MSR '07: Proceedings of the Fourth International Workshop on Mining
	Software Repositories},
  year = {2007},
  pages = {18},
  address = {Washington, DC, USA},
  publisher = {IEEE Computer Society},
  doi = {http://dx.doi.org/10.1109/MSR.2007.8},
  isbn = {0-7695-2950-X}
}

@INPROCEEDINGS{Lucas1997,
  author = {Carine Lucas and Patrick Steyaert and Kim Mens},
  title = {Managing Software Evolution through Reuse Contracts},
  booktitle = {CSMR '97: Proceedings of the 1st Euromicro Working Conference on
	Software Maintenance and Reengineering (CSMR '97)},
  year = {1997},
  pages = {165},
  address = {Washington, DC, USA},
  publisher = {IEEE Computer Society},
  isbn = {0-8186-7892-5}
}

@INPROCEEDINGS{Magnusson1993,
  author = {Boris Magnusson and Ulf Asklund and Sten Min\"{o}r},
  title = {Fine-grained revision control for collaborative software development},
  booktitle = {SIGSOFT '93: Proceedings of the 1st ACM SIGSOFT symposium on Foundations
	of Software Engineering},
  year = {1993},
  pages = {33--41},
  address = {New York, NY, USA},
  publisher = {ACM Press},
  doi = {http://doi.acm.org/10.1145/256428.167061},
  isbn = {0-89791-625-5},
  location = {Los Angeles, California, United States},
  owner = {miryung},
  timestamp = {2008.05.15}
}

@ARTICLE{Malpohl2000,
  author = {Guido Malpohl and James J. Hunt and Walter F. Tichy},
  title = {Renaming Detection.},
  journal = {Automated Software Engineering},
  year = {2000},
  volume = {10},
  pages = {183-202},
  number = {2},
  bibsource = {DBLP, http://dblp.uni-trier.de},
  ee = {http://dx.doi.org/10.1023/A:1022968013020},
  owner = {miryung},
  timestamp = {2008.05.15}
}

@INPROCEEDINGS{Manber1994,
  author = {Udi Manber},
  title = {Finding Similar Files in a Large File System},
  booktitle = {Proceedings of the {USENIX} Winter 1994 Technical Conference},
  year = {1994},
  pages = {1--10},
  address = {San Fransisco, CA, USA},
  month = {17--21},
  owner = {miryung},
  timestamp = {2008.05.15},
  url = {citeseer.ist.psu.edu/manber94finding.html}
}

@INPROCEEDINGS{Mandelin2006,
  author = {David Mandelin and Doug Kimelman and Daniel Yellin},
  title = {A Bayesian approach to diagram matching with application to architectural
	models},
  booktitle = {ICSE '06: Proceedings of the 28th International Conference on Software
	Engineering},
  year = {2006},
  pages = {222--231},
  address = {New York, NY, USA},
  publisher = {ACM},
  doi = {http://doi.acm.org/10.1145/1134285.1134317},
  isbn = {1-59593-375-1},
  location = {Shanghai, China}
}

@INPROCEEDINGS{Mandelin2005,
  author = {David Mandelin and Lin Xu and Rastislav Bod\'{\i}k and Doug Kimelman},
  title = {Jungloid mining: helping to navigate the API jungle},
  booktitle = {PLDI '05: Proceedings of the 2005 ACM SIGPLAN conference on Programming
	language design and implementation},
  year = {2005},
  pages = {48--61},
  address = {New York, NY, USA},
  publisher = {ACM},
  doi = {http://doi.acm.org/10.1145/1065010.1065018},
  isbn = {1-59593-056-6},
  location = {Chicago, IL, USA}
}

@INPROCEEDINGS{Martin2005,
  author = {Michael Martin and Benjamin Livshits and Monica S. Lam},
  title = {Finding application errors and security flaws using PQL: a program
	query language},
  booktitle = {OOPSLA '05: Proceedings of the 20th annual ACM SIGPLAN conference
	on Object oriented programming, systems, languages, and applications},
  year = {2005},
  pages = {365--383},
  address = {New York, NY, USA},
  publisher = {ACM},
  doi = {http://doi.acm.org/10.1145/1094811.1094840},
  isbn = {1-59593-031-0},
  location = {San Diego, CA, USA}
}

@INPROCEEDINGS{Mayrand1996,
  author = {Jean Mayrand and Claude Leblanc and Ettore Merlo},
  title = {Experiment on the Automatic Detection of Function Clones in a Software
	System Using Metrics},
  booktitle = {ICSM '96: Proceedings of the 1996 International Conference on Software
	Maintenance},
  year = {1996},
  pages = {244},
  address = {Washington, DC, USA},
  publisher = {IEEE Computer Society},
  isbn = {0-8186-7677-9}
}

@INPROCEEDINGS{Mehra2005,
  author = {Akhil Mehra and John Grundy and John Hosking},
  title = {A generic approach to supporting diagram differencing and merging
	for collaborative design},
  booktitle = {ASE '05: Proceedings of the 20th IEEE/ACM international Conference
	on Automated Software Engineering},
  year = {2005},
  pages = {204--213},
  address = {New York, NY, USA},
  publisher = {ACM},
  doi = {http://doi.acm.org/10.1145/1101908.1101940},
  isbn = {1-59593-993-4},
  location = {Long Beach, CA, USA}
}

@INPROCEEDINGS{Memon2004,
  author = {A. Memon and A. Porter and C. Yilmaz and A. Nagarajan and D. Schmidt
	and B. Natarajan},
  title = {Skoll: Distributed Continuous Quality Assurance},
  booktitle = {ICSE '04: Proceedings of the 26th International Conference on Software
	Engineering},
  year = {2004},
  pages = {459--468},
  address = {Washington, DC, USA},
  publisher = {IEEE Computer Society},
  isbn = {0-7695-2163-0}
}

@INPROCEEDINGS{Mens2002b,
  author = {Kim Mens and Tom Mens and Michel Wermelinger},
  title = {Maintaining software through intentional source-code views},
  booktitle = {SEKE '02: Proceedings of the 14th international conference on Software
	engineering and knowledge engineering},
  year = {2002},
  pages = {289--296},
  address = {New York, NY, USA},
  publisher = {ACM},
  doi = {http://doi.acm.org/10.1145/568760.568812},
  isbn = {1-58113-556-4},
  location = {Ischia, Italy}
}

@ARTICLE{Mens2002c,
  author = {Kim Mens and Isabel Michiels and Roel Wuyts },
  title = {{Supporting software development through declaratively codified programming
	patterns}},
  journal = {Expert Systems With Applications},
  year = {2002},
  volume = {23},
  pages = {405--413},
  number = {4},
  owner = {miryung},
  publisher = {Elsevier},
  timestamp = {2008.05.15}
}

@INPROCEEDINGS{Mens1999,
  author = {Kim Mens and Roel Wuyts and Theo D'Hondt},
  title = {Declaratively Codifying Software Architectures Using Virtual Software
	Classifications},
  booktitle = {TOOLS '99: Proceedings of the Technology of Object-Oriented Languages
	and Systems},
  year = {1999},
  pages = {33},
  address = {Washington, DC, USA},
  publisher = {IEEE Computer Society},
  isbn = {0-7695-0275-X},
  owner = {miryung},
  timestamp = {2008.05.15}
}

@ARTICLE{Mens2002,
  author = {Tom Mens},
  title = {A State-of-the-Art Survey on Software Merging.},
  journal = {IEEE Transactions on Software Engineering},
  year = {2002},
  volume = {28},
  pages = {449-462},
  number = {5},
  bibsource = {DBLP, http://dblp.uni-trier.de},
  ee = {http://www.computer.org:80/tse/ts2002/e0449abs.htm},
  owner = {miryung},
  timestamp = {2008.05.15}
}

@ARTICLE{Mens2005,
  author = {Tom Mens and Gabriele Taentzer and Olga Runge},
  title = {Detecting Structural Refactoring Conflicts Using Critical Pair Analysis},
  journal = {Electronic Notes in Theoretical Computer Science},
  year = {2005},
  volume = {127},
  pages = {113-128},
  number = {3},
  bibsource = {DBLP, http://dblp.uni-trier.de},
  ee = {http://dx.doi.org/10.1016/j.entcs.2004.08.038}
}

@ARTICLE{Mens2004,
  author = {Tom Mens and Tom Tourwe},
  title = {A Survey of Software Refactoring},
  journal = {IEEE Transactions on Software Engineering},
  year = {2004},
  volume = {30},
  pages = {126-139},
  number = {2},
  address = {Los Alamitos, CA, USA},
  doi = {http://doi.ieeecomputersociety.org/10.1109/TSE.2004.1265817},
  issn = {0098-5589},
  publisher = {IEEE Computer Society}
}

@INPROCEEDINGS{Mens2001,
  author = {Tom Mens and Tom Tourwe},
  title = {A Declarative Evolution Framework for Object-Oriented Design Patterns},
  booktitle = {ICSM '01: Proceedings of the IEEE International Conference on Software
	Maintenance (ICSM'01)},
  year = {2001},
  pages = {570},
  address = {Washington, DC, USA},
  publisher = {IEEE Computer Society},
  isbn = {0-7695-1189-9}
}

@INPROCEEDINGS{Merlo2004,
  author = {Ettore Merlo and Giuliano Antoniol and Massimiliano Di Penta and
	Vincenzo Fabio Rollo},
  title = {Linear Complexity Object-Oriented Similarity for Clone Detection
	and Software Evolution Analyses},
  booktitle = {ICSM '04: Proceedings of the 20th IEEE International Conference on
	Software Maintenance},
  year = {2004},
  pages = {412--416},
  address = {Washington, DC, USA},
  publisher = {IEEE Computer Society},
  isbn = {0-7695-2213-0}
}

@INPROCEEDINGS{Michail2000,
  author = {Amir Michail},
  title = {Data mining library reuse patterns using generalized association
	rules},
  booktitle = {ICSE '00: Proceedings of the 22nd international conference on Software
	engineering},
  year = {2000},
  pages = {167--176},
  address = {New York, NY, USA},
  publisher = {ACM},
  doi = {http://doi.acm.org/10.1145/337180.337200},
  isbn = {1-58113-206-9},
  location = {Limerick, Ireland}
}

@INPROCEEDINGS{Mihalkova2007,
  author = {Lilyana Mihalkova and Raymond J. Mooney},
  title = {Bottom-up learning of Markov logic network structure},
  booktitle = {ICML '07: Proceedings of the 24th International Conference on Machine
	Learning},
  year = {2007},
  pages = {625--632},
  address = {New York, NY, USA},
  publisher = {ACM Press},
  doi = {http://doi.acm.org/10.1145/1273496.1273575},
  isbn = {978-1-59593-793-3},
  location = {Corvalis, Oregon},
  owner = {miryung},
  timestamp = {2008.05.15}
}

@INPROCEEDINGS{Miller2001,
  author = {Robert C. Miller and Brad A. Myers},
  title = {Interactive Simultaneous Editing of Multiple Text Regions},
  booktitle = {Proceedings of the General Track: 2002 USENIX Annual Technical Conference},
  year = {2001},
  pages = {161--174},
  address = {Berkeley, CA, USA},
  publisher = {USENIX Association},
  isbn = {1-880446-09-X}
}

@MASTERSTHESIS{Mitter2006,
  author = {Florian Mitter},
  title = {Tracking Source Code Propagation in Software System via Release History
	Data and Code Clone Detection},
  school = {Technical University of Vienna},
  year = {2006}
}

@INPROCEEDINGS{Mockus2002,
  author = {Audris Mockus and James D. Herbsleb},
  title = {Expertise browser: a quantitative approach to identifying expertise},
  booktitle = {ICSE '02: Proceedings of the 24th International Conference on Software
	Engineering},
  year = {2002},
  pages = {503--512},
  address = {New York, NY, USA},
  publisher = {ACM Press},
  doi = {http://doi.acm.org/10.1145/581339.581401},
  isbn = {1-58113-472-X},
  location = {Orlando, Florida},
  owner = {miryung},
  timestamp = {2008.05.15}
}

@INPROCEEDINGS{Mockus2000,
  author = {Audris Mockus and Lawrence G. Votta},
  title = {Identifying Reasons for Software Changes Using Historic Databases},
  booktitle = {ICSM '00: Proceedings of the International Conference on Software
	Maintenance},
  year = {2000},
  pages = {120},
  address = {Washington, DC, USA},
  publisher = {IEEE Computer Society},
  isbn = {0-7695-0753-0}
}

@ARTICLE{Mockus2001,
  author = {Audris Mockus and David M. Weiss},
  title = {Globalization by Chunking: A Quantitative Approach},
  journal = {IEEE Software},
  year = {2001},
  volume = {18},
  pages = {30--37},
  number = {2},
  address = {Los Alamitos, CA, USA},
  doi = {http://dx.doi.org/10.1109/52.914737},
  issn = {0740-7459},
  owner = {miryung},
  publisher = {IEEE Computer Society Press},
  timestamp = {2008.05.15}
}

@INPROCEEDINGS{Muggleton1990,
  author = {Stephen Muggleton and Cao Feng},
  title = {Efficient induction of logic programs},
  booktitle = {Proceedings of the 1st Conference on Algorithmic Learning Theory},
  year = {1990},
  pages = {368-381},
  publisher = {Ohmsma, Tokyo, Japan},
  url = {citeseer.ist.psu.edu/muggleton90efficient.html}
}

@ARTICLE{Muggleton1994,
  author = {Stephen Muggleton and Luc and De Raedt},
  title = {Raedt. Inductive logic programming: Theory and methods},
  journal = {Journal of Logic Programming},
  year = {1994},
  volume = {19},
  pages = {629--679}
}

@INPROCEEDINGS{Munch1993,
  author = {Bjrn P. Munch and Jens-otto Larsen and Bjrn Gulla and Reidar Conradi
	and Even-andre Karlsson},
  title = {Uniform versioning: The change-oriented model},
  booktitle = {Proceedings of the 4th International Workshop on Software Configuration
	Management (Preprint},
  year = {1993},
  pages = {188--196}
}

@INPROCEEDINGS{Munson1994,
  author = {Jonathan P. Munson and Prasun Dewan},
  title = {A flexible object merging framework},
  booktitle = {CSCW '94: Proceedings of the 1994 ACM Conference on Computer Supported
	Cooperative Work},
  year = {1994},
  pages = {231--242},
  address = {New York, NY, USA},
  publisher = {ACM},
  doi = {http://doi.acm.org/10.1145/192844.193016},
  isbn = {0-89791-689-1},
  location = {Chapel Hill, North Carolina, United States}
}

@ARTICLE{Murawski2005,
  author = {Andrzej S. Murawski},
  title = {About the undecidability of program equivalence in finitary languages
	with state},
  journal = {ACM Transactions on Computational Logic},
  year = {2005},
  volume = {6},
  pages = {701--726},
  number = {4},
  address = {New York, NY, USA},
  doi = {http://doi.acm.org/10.1145/1094622.1094626},
  issn = {1529-3785},
  owner = {miryung},
  publisher = {ACM Press},
  timestamp = {2008.05.15}
}

@INPROCEEDINGS{Murphy2005,
  author = {Gail C. Murphy and Mik Kersten and Martin P. Robillard and Davor
	Cubranic},
  title = {The Emergent Structure of Development Task},
  booktitle = {ECOOP '05: Proceedings of the 19th European Conference on Object-Oriented
	Programming},
  year = {2005},
  owner = {miryung},
  timestamp = {2008.05.15}
}

@INPROCEEDINGS{Murphy1995,
  author = {Gail C. Murphy and David Notkin and Kevin Sullivan},
  title = {Software reflexion models: bridging the gap between source and high-level
	models},
  booktitle = {SIGSOFT '95: Proceedings of the 3rd ACM SIGSOFT Symposium on Foundations
	of Software Engineering},
  year = {1995},
  pages = {18--28},
  address = {New York, NY, USA},
  publisher = {ACM},
  doi = {http://doi.acm.org/10.1145/222124.222136},
  isbn = {0-89791-716-2},
  location = {Washington, D.C., United States}
}

@INPROCEEDINGS{Murphy-Hill2005,
  author = {Emerson R. Murphy-Hill and Philip J. Quitslund and Andrew P. Black},
  title = {Removing duplication from java.io: a case study using traits},
  booktitle = {OOPSLA '05: Companion to the 20th annual ACM SIGPLAN conference on
	Object-Oriented Programming, Systems, Languages, and Applications},
  year = {2005},
  pages = {282--291},
  address = {New York, NY, USA},
  publisher = {ACM},
  doi = {http://doi.acm.org/10.1145/1094855.1094963},
  isbn = {1-59593-193-7},
  location = {San Diego, CA, USA}
}

@ARTICLE{Myers1986,
  author = {Eugene W. Myers},
  title = {An O({ND}) Difference Algorithm and Its Variations},
  journal = {Algorithmica},
  year = {1986},
  volume = {1},
  pages = {251-266},
  number = {2},
  owner = {miryung},
  timestamp = {2008.05.15},
  url = {citeseer.ist.psu.edu/myers86ond.html}
}

@INPROCEEDINGS{Nagappan2005,
  author = {Nachiappan Nagappan and Thomas Ball},
  title = {Use of relative code churn measures to predict system defect density},
  booktitle = {ICSE '05: Proceedings of the 27th International Conference on Software
	Engineering},
  year = {2005},
  pages = {284--292},
  address = {New York, NY, USA},
  publisher = {ACM},
  doi = {http://doi.acm.org/10.1145/1062455.1062514},
  isbn = {1-59593-963-2},
  location = {St. Louis, MO, USA}
}

@INPROCEEDINGS{Neamtiu2005,
  author = {Iulian Neamtiu and Jeffrey S. Foster and Michael Hicks},
  title = {Understanding source code evolution using abstract syntax tree matching},
  booktitle = {MSR'05},
  year = {2005},
  pages = {2--6},
  doi = {http://doi.acm.org/10.1145/1083142.1083143},
  isbn = {1-59593-123-6},
  location = {St. Louis, Missouri},
  owner = {miryung},
  timestamp = {2008.05.15}
}

@INPROCEEDINGS{Necula2000,
  author = {George C. Necula},
  title = {Translation validation for an optimizing compiler},
  booktitle = {PLDI '00: Proceedings of the ACM SIGPLAN 2000 Conference on Programming
	Language Design and Implementation},
  year = {2000},
  pages = {83--94},
  address = {New York, NY, USA},
  publisher = {ACM},
  doi = {http://doi.acm.org/10.1145/349299.349314},
  isbn = {1-58113-199-2},
  location = {Vancouver, British Columbia, Canada}
}

@INPROCEEDINGS{Nickell2003,
  author = {Eric Nickell and Ian Smith},
  title = {Extreme Programming and Software Clones},
  booktitle = {International Workshop on Detection of Software Clones},
  year = {2003},
  owner = {miryung},
  timestamp = {2008.05.15}
}

@ARTICLE{Nierstrasz2005,
  author = {Oscar Nierstrasz and St\'{e}phane Ducasse and Tudor G\v{\i}rba},
  title = {The story of moose: an agile reengineering environment},
  journal = {SIGSOFT Software Engineering Notes},
  year = {2005},
  volume = {30},
  pages = {1--10},
  number = {5},
  address = {New York, NY, USA},
  doi = {http://doi.acm.org/10.1145/1095430.1081707},
  issn = {0163-5948},
  publisher = {ACM}
}

@PHDTHESIS{Opdyke1992,
  author = {William F. Opdyke},
  title = {Refactoring Object-Oriented Frameworks},
  school = {University of Illinois, Urbana-Champaign},
  year = {1992},
  address = {IL, USA},
  url = {citeseer.ist.psu.edu/opdyke92refactoring.html}
}

@INPROCEEDINGS{Orso2003,
  author = {Alessandro Orso and Taweesup Apiwattanapong and Mary Jean Harrold},
  title = {Leveraging field data for impact analysis and regression testing},
  booktitle = {ESEC/FSE-11: Proceedings of the 9th European Software Engineering
	Conference held jointly with 11th ACM SIGSOFT International Symposium
	on Foundations of Software Engineering},
  year = {2003},
  pages = {128--137},
  address = {New York, NY, USA},
  publisher = {ACM Press},
  doi = {http://doi.acm.org/10.1145/940071.940089},
  isbn = {1-58113-743-5},
  location = {Helsinki, Finland},
  owner = {miryung},
  timestamp = {2008.05.15}
}

@INPROCEEDINGS{Orso2004,
  author = {Alessandro Orso and Nanjuan Shi and Mary Jean Harrold},
  title = {Scaling regression testing to large software systems},
  booktitle = {SIGSOFT '04/FSE-12: Proceedings of the 12th ACM SIGSOFT twelfth International
	Symposium on Foundations of Software Engineering},
  year = {2004},
  pages = {241--251},
  address = {New York, NY, USA},
  publisher = {ACM},
  doi = {http://doi.acm.org/10.1145/1029894.1029928},
  isbn = {1-58113-855-5},
  location = {Newport Beach, CA, USA}
}

@INPROCEEDINGS{Ozment2006,
  author = {Andy Ozment and Stuart E. Schechter},
  title = {Milk or wine: does software security improve with age?},
  booktitle = {USENIX-SS'06: Proceedings of the 15th conference on USENIX Security
	Symposium},
  year = {2006},
  pages = {7--7},
  address = {Berkeley, CA, USA},
  publisher = {USENIX Association},
  location = {Vancouver, B.C., Canada}
}

@INPROCEEDINGS{Padioleau2008,
  author = {Yoann Padioleau and Julia Lawall and Ren\'{e} Rydhof Hansen and Gilles
	Muller},
  title = {Documenting and automating collateral evolutions in linux device
	drivers},
  booktitle = {Eurosys '08: Proceedings of the 3rd ACM SIGOPS/EuroSys European Conference
	on Computer Systems 2008},
  year = {2008},
  pages = {247--260},
  address = {New York, NY, USA},
  publisher = {ACM},
  doi = {http://doi.acm.org/10.1145/1352592.1352618},
  isbn = {978-1-60558-013-5},
  location = {Glasgow, Scotland UK}
}

@ARTICLE{Padioleau2007,
  author = {Yoann Padioleau and Julia L. Lawall and Gilles Muller},
  title = {SmPL: A Domain-Specific Language for Specifying Collateral Evolutions
	in Linux Device Drivers},
  journal = {Electronic Notes Theoretical Computer Science},
  year = {2007},
  volume = {166},
  pages = {47--62},
  address = {Amsterdam, The Netherlands, The Netherlands},
  doi = {http://dx.doi.org/10.1016/j.entcs.2006.07.022},
  issn = {1571-0661},
  publisher = {Elsevier Science Publishers B. V.}
}

@ARTICLE{Padioleau2006,
  author = {Yoann Padioleau and Julia L. Lawall and Gilles Muller},
  title = {Understanding collateral evolution in Linux device drivers},
  journal = {SIGOPS Operating Systems Review},
  year = {2006},
  volume = {40},
  pages = {59--71},
  number = {4},
  address = {New York, NY, USA},
  doi = {http://doi.acm.org/10.1145/1218063.1217942},
  issn = {0163-5980},
  publisher = {ACM}
}

@INPROCEEDINGS{Parnas1994,
  author = {David Lorge Parnas},
  title = {Software aging},
  booktitle = {ICSE '94: Proceedings of the 16th International Conference on Software
	Engineering},
  year = {1994},
  pages = {279--287},
  address = {Los Alamitos, CA, USA},
  publisher = {IEEE Computer Society Press},
  isbn = {0-8186-5855-X},
  location = {Sorrento, Italy}
}

@ARTICLE{Parnas1972,
  author = {David Lorge Parnas},
  title = {On the Criteria To Be Used in Decomposing Systems into Modules.},
  journal = {Communications of the ACM},
  year = {1972},
  volume = {15},
  pages = {1053-1058},
  number = {12},
  bibsource = {DBLP, http://dblp.uni-trier.de},
  owner = {miryung},
  timestamp = {2008.05.15}
}

@ARTICLE{Paul1994,
  author = {Santanu Paul and Atul Prakash},
  title = {A Framework for Source Code Search Using Program Patterns},
  journal = {IEEE Transactions on Software Engineering},
  year = {1994},
  volume = {20},
  pages = {463--475},
  number = {6},
  address = {Piscataway, NJ, USA},
  doi = {http://dx.doi.org/10.1109/32.295894},
  issn = {0098-5589},
  publisher = {IEEE Press}
}

@INPROCEEDINGS{Pettersson2005,
  author = {Ulf Pettersson and Stan Jarzabek},
  title = {Industrial experience with building a web portal product line using
	a lightweight, reactive approach},
  booktitle = {ESEC/FSE-13: Proceedings of the 10th European Software Engineering
	Conference held jointly with 13th ACM SIGSOFT International Symposium
	on Foundations of Software Engineering},
  year = {2005},
  pages = {326--335},
  address = {New York, NY, USA},
  publisher = {ACM},
  doi = {http://doi.acm.org/10.1145/1081706.1081758},
  isbn = {1-59593-014-0},
  location = {Lisbon, Portugal}
}

@INPROCEEDINGS{Pinzger2005,
  author = {Martin Pinzger and Harald Gall and Michael Fischer and Michele Lanza},
  title = {Visualizing multiple evolution metrics},
  booktitle = {SoftVis '05: Proceedings of the 2005 ACM symposium on Software visualization},
  year = {2005},
  pages = {67--75},
  address = {New York, NY, USA},
  publisher = {ACM},
  doi = {http://doi.acm.org/10.1145/1056018.1056027},
  isbn = {1-59593-073-6},
  location = {St. Louis, Missouri}
}

@ARTICLE{Purushothaman2005,
  author = {Ranjith Purushothaman and Dewayne E. Perry},
  title = {Toward Understanding the Rhetoric of Small Source Code Changes},
  journal = {IEEE Transactions on Software Engineering},
  year = {2005},
  volume = {31},
  pages = {511--526},
  number = {6},
  address = {Piscataway, NJ, USA},
  doi = {http://dx.doi.org/10.1109/TSE.2005.74},
  issn = {0098-5589},
  publisher = {IEEE Press}
}

@ARTICLE{Quinlan1990,
  author = {J. Ross Quinlan},
  title = {Learning Logical Definitions from Relations},
  journal = {Machine Learning},
  year = {1990},
  volume = {5},
  pages = {239--266},
  number = {3},
  address = {Hingham, MA, USA},
  doi = {http://dx.doi.org/10.1023/A:1022699322624},
  issn = {0885-6125},
  publisher = {Kluwer Academic Publishers}
}

@ARTICLE{Raedt11997,
  author = {Luc De Raedt and Luc Dehaspe},
  title = {Clausal Discovery},
  journal = {Machine Learning},
  year = {1997},
  volume = {26},
  pages = {99--146},
  number = {2-3},
  address = {Hingham, MA, USA},
  issn = {0885-6125},
  publisher = {Kluwer Academic Publishers}
}

@INPROCEEDINGS{Raghavan2004,
  author = {Shruti Raghavan and Rosanne Rohana and David Leon and Andy Podgurski
	and Vinay Augustine},
  title = {Dex: A Semantic-Graph Differencing Tool for Studying Changes in Large
	Code Bases},
  booktitle = {ICSM '04: Proceedings of the 20th IEEE International Conference on
	Software Maintenance},
  year = {2004},
  pages = {188--197},
  address = {Washington, DC, USA},
  publisher = {IEEE Computer Society},
  isbn = {0-7695-2213-0}
}

@ARTICLE{Rahm2001,
  author = {Erhard Rahm and Philip A. Bernstein},
  title = {A survey of approaches to automatic schema matching},
  journal = {The VLDB Journal: Very Large Data Bases},
  year = {2001},
  volume = {10},
  pages = {334--350},
  number = {4},
  owner = {miryung},
  timestamp = {2008.05.15},
  url = {citeseer.ist.psu.edu/rahm01survey.html}
}

@INPROCEEDINGS{Rajapakse2007,
  author = {Damith C. Rajapakse and Stan Jarzabek},
  title = {Using Server Pages to Unify Clones in Web Applications: A Trade-Off
	Analysis},
  booktitle = {ICSE '07: Proceedings of the 29th International Conference on Software
	Engineering},
  year = {2007},
  pages = {116--126},
  address = {Washington, DC, USA},
  publisher = {IEEE Computer Society},
  doi = {http://dx.doi.org/10.1109/ICSE.2007.95},
  isbn = {0-7695-2828-7}
}

@INPROCEEDINGS{Ramanathan2006,
  author = {Murali Krishna Ramanathan and Ananth Grama and Suresh Jagannathan},
  title = {Sieve: A Tool for Automatically Detecting Variations Across Program
	Versions},
  booktitle = {ASE '06: Proceedings of the 21st IEEE/ACM International Conference
	on Automated Software Engineering},
  year = {2006},
  pages = {241--252},
  address = {Washington, DC, USA},
  publisher = {IEEE Computer Society},
  doi = {http://dx.doi.org/10.1109/ASE.2006.61},
  isbn = {0-7695-2579-2}
}

@INPROCEEDINGS{Reiss2008,
  author = {Steven P. Reiss},
  title = {Tracking source locations},
  booktitle = {ICSE '08: Proceedings of the 30th International Conference on Software
	Engineering},
  year = {2008},
  pages = {11--20},
  address = {New York, NY, USA},
  publisher = {ACM},
  doi = {http://doi.acm.org/10.1145/1368088.1368091},
  isbn = {978-1-60558-079-1},
  location = {Leipzig, Germany}
}

@INPROCEEDINGS{Ren2004,
  author = {Xiaoxia Ren and Fenil Shah and Frank Tip and Barbara G. Ryder and
	Ophelia Chesley},
  title = {Chianti: a tool for change impact analysis of java programs},
  booktitle = {OOPSLA '04: Proceedings of the 19th annual ACM SIGPLAN Conference
	on Object-Oriented Programming, Systems, Languages, and Applications},
  year = {2004},
  pages = {432--448},
  address = {New York, NY, USA},
  publisher = {ACM},
  doi = {http://doi.acm.org/10.1145/1028976.1029012},
  isbn = {1-58113-831-9},
  location = {Vancouver, BC, Canada}
}

@INPROCEEDINGS{Reps1997,
  author = {Thomas Reps and Thomas Ball and Manuvir Das and James Larus},
  title = {The use of program profiling for software maintenance with applications
	to the year 2000 problem},
  booktitle = {ESEC '97/FSE-5: Proceedings of the 6th European Conference held jointly
	with the 5th ACM SIGSOFT International Symposium on Foundations of
	Software Engineering},
  year = {1997},
  pages = {432--449},
  address = {New York, NY, USA},
  publisher = {Springer-Verlag New York, Inc.},
  doi = {http://doi.acm.org/10.1145/267895.267925},
  isbn = {3-540-63531-9},
  location = {Zurich, Switzerland},
  owner = {miryung},
  timestamp = {2008.05.15}
}

@INPROCEEDINGS{Rieger2004,
  author = {Matthias Rieger and St\'{e}phane Ducasse and Michele Lanza},
  title = {Insights into System-Wide Code Duplication},
  booktitle = {WCRE '04: Proceedings of the 11th Working Conference on Reverse Engineering},
  year = {2004},
  pages = {100--109},
  address = {Washington, DC, USA},
  publisher = {IEEE Computer Society},
  isbn = {0-7695-2243-2}
}

@INPROCEEDINGS{Robbes2007,
  author = {Romain Robbes},
  title = {Mining a Change-Based Software Repository},
  booktitle = {MSR '07: Proceedings of the Fourth International Workshop on Mining
	Software Repositories},
  year = {2007},
  pages = {15},
  address = {Washington, DC, USA},
  publisher = {IEEE Computer Society},
  doi = {http://dx.doi.org/10.1109/MSR.2007.18},
  isbn = {0-7695-2950-X}
}

@INPROCEEDINGS{Robillard2005,
  author = {Martin P. Robillard},
  title = {Automatic generation of suggestions for program investigation},
  booktitle = {ESEC/FSE-13: Proceedings of the 10th European Software Engineering
	Conference held jointly with 13th ACM SIGSOFT International Symposium
	on Foundations of Software Engineering},
  year = {2005},
  pages = {11--20},
  address = {New York, NY, USA},
  publisher = {ACM},
  doi = {http://doi.acm.org/10.1145/1081706.1081711},
  isbn = {1-59593-014-0},
  location = {Lisbon, Portugal}
}

@INPROCEEDINGS{Robillard2003,
  author = {Martin P. Robillard and Gail C. Murphy},
  title = {FEAT: a tool for locating, describing, and analyzing concerns in
	source code},
  booktitle = {ICSE '03: Proceedings of the 25th International Conference on Software
	Engineering},
  year = {2003},
  pages = {822--823},
  address = {Washington, DC, USA},
  publisher = {IEEE Computer Society},
  isbn = {0-7695-1877-X},
  location = {Portland, Oregon}
}

@INPROCEEDINGS{Robillard2002,
  author = {Martin P. Robillard and Gail C. Murphy},
  title = {Concern graphs: finding and describing concerns using structural
	program dependencies},
  booktitle = {ICSE '02: Proceedings of the 24th International Conference on Software
	Engineering},
  year = {2002},
  pages = {406--416},
  address = {New York, NY, USA},
  publisher = {ACM},
  doi = {http://doi.acm.org/10.1145/581339.581390},
  isbn = {1-58113-472-X},
  location = {Orlando, Florida}
}

@INPROCEEDINGS{Rosson1993,
  author = {Mary Beth Rosson and John M. Carroll},
  title = {Active Programming Strategies in Reuse},
  booktitle = {ECOOP '93: Proceedings of the 7th European Conference on Object-Oriented
	Programming},
  year = {1993},
  pages = {4--20},
  address = {London, UK},
  publisher = {Springer-Verlag},
  isbn = {3-540-57120-5}
}

@ARTICLE{Rothermel1997,
  author = {Gregg Rothermel and Mary Jean Harrold},
  title = {A safe, efficient regression test selection technique},
  journal = {ACM Transactions on Software Engineering and Methodology},
  year = {1997},
  volume = {6},
  pages = {173--210},
  number = {2},
  address = {New York, NY, USA},
  doi = {http://doi.acm.org/10.1145/248233.248262},
  issn = {1049-331X},
  owner = {miryung},
  publisher = {ACM Press},
  timestamp = {2008.05.15}
}

@INPROCEEDINGS{Rysselberghe2007,
  author = {Filip Van Rysselberghe and Serge Demeyer},
  title = {Studying Versioning Information to Understand Inheritance Hierarchy
	Changes},
  booktitle = {MSR '07: Proceedings of the Fourth International Workshop on Mining
	Software Repositories},
  year = {2007},
  pages = {16},
  address = {Washington, DC, USA},
  publisher = {IEEE Computer Society},
  doi = {http://dx.doi.org/10.1109/MSR.2007.30},
  isbn = {0-7695-2950-X},
  owner = {miryung},
  timestamp = {2008.05.15}
}

@INPROCEEDINGS{Rysselberghe2004,
  author = {Filip Van Rysselberghe and Serge Demeyer},
  title = {Studying Software Evolution Information by Visualizing the Change
	History},
  booktitle = {ICSM '04: Proceedings of the 20th IEEE International Conference on
	Software Maintenance},
  year = {2004},
  pages = {328--337},
  address = {Washington, DC, USA},
  publisher = {IEEE Computer Society},
  isbn = {0-7695-2213-0}
}

@INPROCEEDINGS{Rysselberghe2004a,
  author = {Filip Van Rysselberghe and Serge Demeyer},
  title = {Mining Version Control Systems for FACs(Frequently Applied Changes)},
  booktitle = {MSR '04: 2004 Internationl Workshop on Mining Software Repositories},
  year = {2004},
  owner = {miryung},
  timestamp = {2008.05.15}
}

@INPROCEEDINGS{Rysselberghe2004b,
  author = {Filip Van Rysselberghe and Serge Demeyer},
  title = {Evaluating Clone Detection Techniques from a Refactoring Perspective},
  booktitle = {ASE '04: Proceedings of the 19th IEEE International Conference on
	Automated Software Engineering},
  year = {2004},
  pages = {336--339},
  address = {Washington, DC, USA},
  publisher = {IEEE Computer Society},
  doi = {http://dx.doi.org/10.1109/ASE.2004.34},
  isbn = {0-7695-2131-2}
}

@INPROCEEDINGS{Rysselberghe2003,
  author = {Filip Van Rysselberghe and Serge Demeyer},
  title = {Reconstruction of Successful Software Evolution Using Clone Detection},
  booktitle = {IWPSE '03: Proceedings of the 6th International Workshop on Principles
	of Software Evolution},
  year = {2003},
  pages = {126},
  address = {Washington, DC, USA},
  publisher = {IEEE Computer Society},
  isbn = {0-7695-1903-2}
}

@PHDTHESIS{Sazawal2005,
  author = {Vibha Sazawal},
  title = {Connecting Software Design Principles to Source Code for Improved
	Ease of Change},
  school = {University of Washington},
  year = {2005},
  owner = {miryung},
  timestamp = {2008.09.18}
}

@INPROCEEDINGS{Sazawal2004,
  author = {Vibha Sazawal and Miryung Kim and David Notkin},
  title = {A Study of Evolution in the Presence of Source-Derived Partial Design
	Representations},
  booktitle = {IWPSE '04: Proceedings of the Principles of Software Evolution, 7th
	International Workshop},
  year = {2004},
  pages = {21--30},
  address = {Washington, DC, USA},
  publisher = {IEEE Computer Society},
  doi = {http://dx.doi.org/10.1109/IWPSE.2004.2},
  isbn = {0-7695-2211-4}
}

@INPROCEEDINGS{Schafer2008,
  author = {Thorsten Sch\"{a}fer and Jan Jonas and Mira Mezini},
  title = {Mining framework usage changes from instantiation code},
  booktitle = {ICSE '08: Proceedings of the 30th International Conference on Software
	Engineering},
  year = {2008},
  pages = {471--480},
  address = {New York, NY, USA},
  publisher = {ACM},
  doi = {http://doi.acm.org/10.1145/1368088.1368153},
  isbn = {978-1-60558-079-1},
  location = {Leipzig, Germany}
}

@INPROCEEDINGS{Shepherd2007,
  author = {David Shepherd and Zachary P. Fry and Emily Hill and Lori Pollock
	and K. Vijay-Shanker},
  title = {Using natural language program analysis to locate and understand
	action-oriented concerns},
  booktitle = {AOSD '07: Proceedings of the 6th International Conference on Aspect-Oriented
	Software Development},
  year = {2007},
  pages = {212--224},
  address = {New York, NY, USA},
  publisher = {ACM},
  doi = {http://doi.acm.org/10.1145/1218563.1218587},
  isbn = {1-59593-615-7},
  location = {Vancouver, British Columbia, Canada}
}

@ARTICLE{Sinha2000,
  author = {Saurabh Sinha and Mary Jean Harrold},
  title = {Analysis and Testing of Programs with Exception Handling Constructs},
  journal = {IEEE Transactions on Software Engineering},
  year = {2000},
  volume = {26},
  pages = {849--871},
  number = {9},
  address = {Piscataway, NJ, USA},
  doi = {http://dx.doi.org/10.1109/32.877846},
  issn = {0098-5589},
  owner = {miryung},
  publisher = {IEEE Press},
  timestamp = {2008.05.15}
}

@INPROCEEDINGS{Snodgrass1990,
  author = {Richard Snodgrass and Karen Shannon},
  title = {Fine grained data management to achieve evolution resilience in a
	software development environment},
  booktitle = {SDE 4: Proceedings of the fourth ACM SIGSOFT symposium on Software
	development environments},
  year = {1990},
  pages = {144--156},
  address = {New York, NY, USA},
  publisher = {ACM Press},
  doi = {http://doi.acm.org/10.1145/99277.99291},
  isbn = {0-89791-418-X},
  location = {Irvine, California, United States},
  owner = {miryung},
  timestamp = {2008.05.15}
}

@INPROCEEDINGS{Srivastava2002,
  author = {Amitabh Srivastava and Jay Thiagarajan},
  title = {Effectively prioritizing tests in development environment},
  booktitle = {ISSTA '02: Proceedings of the 2002 ACM SIGSOFT international symposium
	on Software testing and analysis},
  year = {2002},
  pages = {97--106},
  address = {New York, NY, USA},
  publisher = {ACM},
  doi = {http://doi.acm.org/10.1145/566172.566187},
  isbn = {1-58113-562-9},
  location = {Roma, Italy}
}

@INPROCEEDINGS{Stoerzer2006,
  author = {Maximilian Stoerzer and Barbara G. Ryder and Xiaoxia Ren and Frank
	Tip},
  title = {Finding failure-inducing changes in java programs using change classification},
  booktitle = {SIGSOFT '06/FSE-14: Proceedings of the 14th ACM SIGSOFT International
	Symposium on Foundations of Software Engineering},
  year = {2006},
  pages = {57--68},
  address = {New York, NY, USA},
  publisher = {ACM},
  doi = {http://doi.acm.org/10.1145/1181775.1181783},
  isbn = {1-59593-468-5},
  location = {Portland, Oregon, USA}
}

@INPROCEEDINGS{Storey2002,
  author = {Margaret-Anne Storey and Casey Best and Jeff Michaud and Derek Rayside
	and Marin Litoiu and Mark Musen},
  title = {SHriMP views: an interactive environment for information visualization
	and navigation},
  booktitle = {CHI '02: Extended abstracts on Human factors in Computing Systems},
  year = {2002},
  pages = {520--521},
  address = {New York, NY, USA},
  publisher = {ACM Press},
  doi = {http://doi.acm.org/10.1145/506443.506459},
  isbn = {1-58113-454-1},
  location = {Minneapolis, Minnesota, USA},
  owner = {miryung},
  timestamp = {2008.05.15}
}

@BOOK{Sullivan1999,
  title = {Software Design as an Investment Activity: A Real Options Perspective
	in Real Options and Business Strategy: Applications to Decision Making},
  publisher = {Risk Books},
  year = {1999},
  author = {K.J. Sullivan and P. Chalasani and S. Jha and V. Sazawal},
  month = {November},
  owner = {miryung},
  timestamp = {2008.05.15}
}

@INPROCEEDINGS{Tarr1999,
  author = {Peri Tarr and Harold Ossher and William Harrison and Stanley M. Sutton,
	Jr.},
  title = {N degrees of separation: multi-dimensional separation of concerns},
  booktitle = {ICSE '99: Proceedings of the 21st International Conference on Software
	Engineering},
  year = {1999},
  pages = {107--119},
  address = {Los Alamitos, CA, USA},
  publisher = {IEEE Computer Society Press},
  isbn = {1-58113-074-0},
  location = {Los Angeles, California, United States}
}

@ARTICLE{Tichy1984,
  author = {Walter F. Tichy},
  title = {The string-to-string correction problem with block moves},
  journal = {ACM Transactions on Computer Systems},
  year = {1984},
  volume = {2},
  pages = {309--321},
  number = {4},
  address = {New York, NY, USA},
  doi = {http://doi.acm.org/10.1145/357401.357404},
  issn = {0734-2071},
  owner = {miryung},
  publisher = {ACM Press},
  timestamp = {2008.05.15}
}

@INPROCEEDINGS{Toomim2004,
  author = {Michael Toomim and Andrew Begel and Susan L. Graham},
  title = {Managing Duplicated Code with Linked Editing},
  booktitle = {VLHCC '04: Proceedings of the 2004 IEEE Symposium on Visual Languages
	- Human Centric Computing},
  year = {2004},
  pages = {173--180},
  address = {Washington, DC, USA},
  publisher = {IEEE Computer Society},
  doi = {http://dx.doi.org/10.1109/VLHCC.2004.35},
  isbn = {0-7803-8696-5}
}

@INPROCEEDINGS{Tu2002,
  author = {Qiang Tu and Michael W. Godfrey},
  title = {An Integrated Approach for Studying Architectural Evolution},
  booktitle = {IWPC '02: Proceedings of the 10th International Workshop on Program
	Comprehension},
  year = {2002},
  pages = {127},
  address = {Washington, DC, USA},
  publisher = {IEEE Computer Society},
  isbn = {0-7695-1495-2}
}

@INPROCEEDINGS{Ueda2002,
  author = {Yasushi Ueda and Toshihiro Kamiya and Shinji Kusumoto and Katsuro
	Inoue},
  title = {On Detection of Gapped Code Clones using Gap Locations.},
  booktitle = {Proc. of the Asia-Pacific Software Engineering Conference},
  year = {2002},
  pages = {327-336},
  bibsource = {DBLP, http://dblp.uni-trier.de},
  ee = {http://csdl.computer.org/comp/proceedings/apsec/2002/1850/00/18500327abs.htm},
  owner = {miryung},
  timestamp = {2008.05.15}
}

@BOOK{Ullman1988,
  title = {Principles of Database and Knowledge-Base Systems, Volume I},
  publisher = {Computer Science Press},
  year = {1988},
  author = {Jeffrey D. Ullman},
  bibsource = {DBLP, http://dblp.uni-trier.de},
  isbn = {0-7167-8158-1}
}

@INPROCEEDINGS{VanHilst1996,
  author = {Michael VanHilst and David Notkin},
  title = {Decoupling change from design},
  booktitle = {SIGSOFT '96: Proceedings of the 4th ACM SIGSOFT Symposium on Foundations
	of Software Engineering},
  year = {1996},
  pages = {58--69},
  address = {New York, NY, USA},
  publisher = {ACM},
  doi = {http://doi.acm.org/10.1145/239098.239109},
  isbn = {0-89791-797-9},
  location = {San Francisco, California, United States}
}

@ARTICLE{Vanter2002,
  author = {Michael L. Van de Vanter},
  title = {The documentary structure of source code.},
  journal = {Information {\&} Software Technology},
  year = {2002},
  volume = {44},
  pages = {767-782},
  number = {13},
  bibsource = {DBLP, http://dblp.uni-trier.de},
  owner = {miryung},
  timestamp = {2008.05.15}
}

@INPROCEEDINGS{Verbaere2006,
  author = {Mathieu Verbaere and Ran Ettinger and Oege de Moor},
  title = {Jun{GL}: a Scripting Language for Refactoring},
  booktitle = {ICSE'06: Proceedings of the 28th International Conference on Software
	Engineering},
  year = {2006},
  editor = {Dieter Rombach and Mary Lou Soffa},
  pages = {172--181},
  address = {New York, NY, USA},
  publisher = {ACM Press},
  doi = {http://doi.acm.org/10.1145/1134285.1134311},
  isbn = {1-59593-375-1},
  location = {Shanghai, China}
}

@ARTICLE{Visser2004,
  author = {Visser, E.},
  title = {{Program transformation with Stratego/XT: Rules, strategies, tools,
	and systems in StrategoXT-0.9}},
  journal = {Domain-Specific Program Generation},
  year = {2004},
  volume = {3016},
  pages = {216--238}
}

@PHDTHESIS{DeVolder1998,
  author = {Kris De Volder},
  title = {Type-Oriented Logic Meta Programming},
  school = {Vrije Universiteit Brussel},
  year = {1998},
  owner = {miryung},
  timestamp = {2008.10.06}
}

@INPROCEEDINGS{Wahler2004,
  author = {Vera Wahler and Dietmar Seipel and Jurgen Wolff v. Gudenberg and
	Gregor Fischer},
  title = {Clone Detection in Source Code by Frequent Itemset Techniques},
  booktitle = {SCAM '04: Proceedings of the Source Code Analysis and Manipulation,
	Fourth IEEE International Workshop},
  year = {2004},
  pages = {128--135},
  address = {Washington, DC, USA},
  publisher = {IEEE Computer Society},
  doi = {http://dx.doi.org/10.1109/SCAM.2004.5},
  isbn = {0-7695-2144-4}
}

@INPROCEEDINGS{Walenstein2003,
  author = {Andrew Walenstein and Nitin Jyoti and Junwei Li and Yun Yang and
	Arun Lakhotia},
  title = {Problems Creating Task-relevant Clone Detection Reference Data},
  booktitle = {WCRE '03: Proceedings of the 10th Working Conference on Reverse Engineering},
  year = {2003},
  pages = {285},
  address = {Washington, DC, USA},
  publisher = {IEEE Computer Society},
  isbn = {0-7695-2027-8},
  owner = {miryung},
  timestamp = {2008.05.15}
}

@INPROCEEDINGS{Wang1994,
  author = {Jason T. L. Wang and Kaizhong Zhang and Chung-Wei Chirn},
  title = {The approximate graph matching problem},
  booktitle = {IEEE International Conference on Pattern Recognition},
  year = {1994},
  pages = {284--288},
  owner = {miryung},
  timestamp = {2008.05.15}
}

@PHDTHESIS{Wang2001,
  author = {Zheng Wang},
  title = {Progressive profiling: a methodology based on profile propagation
	and selective profile collection},
  school = {Harvard University},
  year = {2001},
  note = {Adviser-Michael D. Smith},
  isbn = {0-493-40860-6},
  order_no = {AAI3028452}
}

@ARTICLE{Wang2000,
  author = {Zheng Wang and Ken Pierce and Scott McFarling},
  title = {{BMAT} - A Binary Matching Tool for Stale Profile Propagation.},
  journal = {Journal of Instruction-Level Parallelism},
  year = {2000},
  volume = {2},
  bibsource = {DBLP, http://dblp.uni-trier.de},
  ee = {http://www.jilp.org/vol2/v2paper2.pdf},
  owner = {miryung},
  timestamp = {2008.05.15}
}

@INPROCEEDINGS{Weissgerber2006,
  author = {Peter Weissgerber and Stephan Diehl},
  title = {Identifying Refactorings from Source-Code Changes},
  booktitle = {ASE '06: Proceedings of the 21st IEEE/ACM International Conference
	on Automated Software Engineering},
  year = {2006},
  pages = {231--240},
  address = {Washington, DC, USA},
  publisher = {IEEE Computer Society},
  doi = {http://dx.doi.org/10.1109/ASE.2006.41},
  isbn = {0-7695-2579-2}
}

@INPROCEEDINGS{Westfechtel1991,
  author = {Bernhard Westfechtel},
  title = {Structure-oriented merging of revisions of software documents},
  booktitle = {Proceedings of the 3rd International Workshop on Software configuration
	management},
  year = {1991},
  pages = {68--79},
  doi = {http://doi.acm.org/10.1145/111062.111071},
  isbn = {0-897914-429-5},
  location = {Trondheim, Norway},
  owner = {miryung},
  timestamp = {2008.05.15}
}

@ARTICLE{Whitfield1997,
  author = {Deborah L. Whitfield and Mary Lou Soffa},
  title = {An approach for exploring code improving transformations},
  journal = {ACM Transactions on Programming Languages and Systems},
  year = {1997},
  volume = {19},
  pages = {1053--1084},
  number = {6},
  address = {New York, NY, USA},
  doi = {http://doi.acm.org/10.1145/267959.267960},
  issn = {0164-0925},
  owner = {miryung},
  publisher = {ACM Press},
  timestamp = {2008.05.15}
}

@INPROCEEDINGS{Wu2004,
  author = {Jingwei Wu and Richard C. Holt and Ahmed E. Hassan},
  title = {Exploring Software Evolution Using Spectrographs},
  booktitle = {WCRE '04: Proceedings of the 11th Working Conference on Reverse Engineering},
  year = {2004},
  pages = {80--89},
  address = {Washington, DC, USA},
  publisher = {IEEE Computer Society},
  isbn = {0-7695-2243-2}
}

@INPROCEEDINGS{Wu1992,
  author = {Sun Wu and Udi Manber},
  title = {Agrep -- a fast approximate pattern-matching tool},
  booktitle = {Proceedings {USENIX} Winter 1992 Technical Conference},
  year = {1992},
  pages = {153--162},
  address = {San Francisco, CA},
  owner = {miryung},
  timestamp = {2008.05.15},
  url = {citeseer.ist.psu.edu/wu92agrep.html}
}

@INPROCEEDINGS{Wuyts1998,
  author = {Roy Wuyts},
  title = {Declarative Reasoning about the Structure of Object-Oriented Systems},
  booktitle = {TOOLS '98: Proceedings of the Technology of Object-Oriented Languages
	and Systems},
  year = {1998},
  pages = {112--124},
  isbn = {0-8186-8482-8},
  owner = {miryung},
  timestamp = {2008.05.15}
}

@ARTICLE{Xing2005a,
  author = {Zhenchang Xing},
  title = {Analyzing the Evolutionary History of the Logical Design of Object-Oriented
	Software},
  journal = {IEEE Transactions on Software Engineering},
  year = {2005},
  volume = {31},
  pages = {850--868},
  number = {10},
  note = {Member-Eleni Stroulia},
  address = {Piscataway, NJ, USA},
  doi = {http://dx.doi.org/10.1109/TSE.2005.106},
  issn = {0098-5589},
  publisher = {IEEE Press}
}

@INPROCEEDINGS{Xing2005,
  author = {Zhenchang Xing and Eleni Stroulia},
  title = {UMLDiff: an algorithm for object-oriented design differencing},
  booktitle = {ASE '05: Proceedings of the 20th IEEE/ACM International Conference
	on Automated Software Engineering},
  year = {2005},
  pages = {54--65},
  address = {New York, NY, USA},
  publisher = {ACM},
  doi = {http://doi.acm.org/10.1145/1101908.1101919},
  isbn = {1-59593-993-4},
  location = {Long Beach, CA, USA}
}

@INPROCEEDINGS{Yamamoto2005,
  author = {Tetsuo Yamamoto and Makoto Matsushita and Toshihiro Kamiya and Katsuro
	Inoue},
  title = {Measuring Similarity of Large Software Systems Based on Source Code
	Correspondence.},
  booktitle = {Proceedings of 2005 Product Focused Software Process Improvement},
  year = {2005},
  pages = {530-544},
  bibsource = {DBLP, http://dblp.uni-trier.de},
  ee = {http://dx.doi.org/10.1007/11497455_41},
  owner = {miryung},
  timestamp = {2008.05.15}
}

@ARTICLE{Yang1991,
  author = {Wuu Yang},
  title = {Identifying Syntactic differences Between Two Programs},
  journal = {Software -- Practice \& Experience},
  year = {1991},
  volume = {21},
  pages = {739-755},
  number = {7},
  owner = {miryung},
  timestamp = {2008.05.15},
  url = {citeseer.ist.psu.edu/yang91identifying.html}
}

@TECHREPORT{Yang1989,
  author = {Wuu Yang and Susan Horwitz and Thomas Reps},
  title = {Detecting Program Components with Equivalent Behaviors},
  institution = {University of Wisconsin, Madison},
  year = {1989},
  number = {CS-TR-1989-840},
  owner = {miryung},
  timestamp = {2008.05.15}
}

@INPROCEEDINGS{Yao2001,
  author = {Andrew Y. Yao},
  title = {CVSSearch: Searching through Source Code using CVS Comments},
  booktitle = {ICSM '01: Proceedings of the IEEE International Conference on Software
	Maintenance},
  year = {2001},
  pages = {364},
  address = {Washington, DC, USA},
  publisher = {IEEE Computer Society},
  isbn = {0-7695-1189-9},
  owner = {miryung},
  timestamp = {2008.05.15}
}

@INPROCEEDINGS{Yilmaz2005,
  author = {Cemal Yilmaz and Arvind S. Krishna and Atif Memon and Adam Porter
	and Douglas C. Schmidt and Aniruddha Gokhale and Balachandran Natarajan},
  title = {Main effects screening: a distributed continuous quality assurance
	process for monitoring performance degradation in evolving software
	systems},
  booktitle = {ICSE '05: Proceedings of the 27th International Conference on Software
	Engineering},
  year = {2005},
  pages = {293--302},
  address = {New York, NY, USA},
  publisher = {ACM},
  doi = {http://doi.acm.org/10.1145/1062455.1062515},
  isbn = {1-59593-963-2},
  location = {St. Louis, MO, USA}
}

@ARTICLE{Ying2004,
  author = {Annie T. T. Ying and Gail C. Murphy and Raymond Ng and Mark Chu-Carroll},
  title = {Predicting Source Code Changes by Mining Change History.},
  journal = {IEEE Transactions on Software Engineering},
  year = {2004},
  volume = {30},
  pages = {574-586},
  number = {9},
  bibsource = {DBLP, http://dblp.uni-trier.de},
  ee = {http://doi.ieeecomputersociety.org/10.1109/TSE.2004.52},
  owner = {miryung},
  timestamp = {2008.05.15}
}

@INPROCEEDINGS{Zeller1999,
  author = {Andreas Zeller},
  title = {Yesterday, my program worked. Today, it does not. Why?},
  booktitle = {ESEC/FSE-7: Proceedings of the 7th European Software Engineering
	Conference held jointly with the 7th ACM SIGSOFT International Symposium
	on Foundations of Software Engineering},
  year = {1999},
  pages = {253--267},
  address = {London, UK},
  publisher = {Springer-Verlag},
  doi = {http://doi.acm.org/10.1145/318773.318946},
  isbn = {3-540-66538-2},
  location = {Toulouse, France}
}

@INPROCEEDINGS{Zhang2005,
  author = {Xiangyu Zhang and Rajiv Gupta},
  title = {Matching execution histories of program versions},
  booktitle = {ESEC/FSE-13: Proceedings of the 10th European Software Engineering
	Conference held jointly with 13th ACM SIGSOFT International Symposium
	on Foundations of Software Engineering},
  year = {2005},
  pages = {197--206},
  address = {New York, NY, USA},
  publisher = {ACM},
  doi = {http://doi.acm.org/10.1145/1081706.1081738},
  isbn = {1-59593-014-0},
  location = {Lisbon, Portugal}
}

@INPROCEEDINGS{Zhang2004,
  author = {Xiangyu Zhang and Rajiv Gupta},
  title = {Whole Execution Traces},
  booktitle = {MICRO 37: Proceedings of the 37th annual International Symposium
	on Microarchitecture},
  year = {2004},
  pages = {105--116},
  address = {Washington, DC, USA},
  publisher = {IEEE Computer Society},
  doi = {http://dx.doi.org/10.1109/MICRO.2004.37},
  isbn = {0-7695-2126-6},
  location = {Portland, Oregon},
  owner = {miryung},
  timestamp = {2008.05.15}
}

@INPROCEEDINGS{Zimmermann2004,
  author = {Thomas Zimmermann and Peter Weisgerber and Stephan Diehl and Andreas
	Zeller},
  title = {Mining Version Histories to Guide Software Changes},
  booktitle = {ICSE '04: Proceedings of the 26th International Conference on Software
	Engineering},
  year = {2004},
  pages = {563--572},
  address = {Washington, DC, USA},
  publisher = {IEEE Computer Society},
  isbn = {0-7695-2163-0}
}

@INPROCEEDINGS{Zimmermann2004b,
  author = {Thomas Zimmermann and Peter Wei{\ss}gerber},
  title = {Preprocessing {CVS} Data for Fine-Grained Analysis},
  booktitle = {MSR '04: Proceedings of 2004 International Workshop on Mining Software
	Repositories},
  year = {2004},
  pages = {2--6},
  owner = {miryung},
  timestamp = {2008.05.15}
}

@ARTICLE{Zimmermann2005,
  author = {Thomas Zimmermann and Peter Wei{\ss}gerber and Stephan Diehl and
	Andreas Zeller},
  title = {Mining Version Histories to Guide Software Changes},
  journal = {IEEE Transactions on Software Engineering},
  year = {2005},
  volume = {31},
  pages = {429--445},
  number = {6},
  doi = {http://dx.doi.org/10.1109/TSE.2005.72},
  issn = {0098-5589},
  owner = {miryung},
  timestamp = {2008.05.15}
}

@ARTICLE{Zou2005,
  author = {Lijie Zou and Michael W. Godfrey},
  title = {Using Origin Analysis to Detect Merging and Splitting of Source Code
	Entities},
  journal = {IEEE Transactions on Software Engineering},
  year = {2005},
  volume = {31},
  pages = {166--181},
  number = {2},
  address = {Piscataway, NJ, USA},
  doi = {http://dx.doi.org/10.1109/TSE.2005.28},
  issn = {0098-5589},
  owner = {miryung},
  publisher = {IEEE Press},
  timestamp = {2008.05.15}
}

@INPROCEEDINGS{Zou2003,
  author = {Lijie Zou and Michael W. Godfrey},
  title = {Detecting Merging and Splitting using Origin Analysis},
  booktitle = {WCRE '03: Proceedings of the 10th Working Conference on Reverse Engineering},
  year = {2003},
  pages = {146},
  address = {Washington, DC, USA},
  publisher = {IEEE Computer Society},
  isbn = {0-7695-2027-8}
}

@BOOK{Apostolico1997,
  title = {Pattern matching algorithms},
  publisher = {Oxford University Press},
  year = {1997},
  editor = {Alberto Apostolico and Zvi Galil},
  address = {Oxford, UK},
  note = {program differencing LCS},
  isbn = {0-19-511367-5}
}

@comment{jabref-meta: selector_journal:}

@comment{jabref-meta: selector_author:}

@comment{jabref-meta: selector_keywords:}

@comment{jabref-meta: selector_publisher:}

