@inproceedings{ChongHokYuen1986:EAS,
 author = {Chong Hok Yuen, C S},
 title = {An Empirical Approach to the Study of Errors in Large Software Under Maintenance},
 booktitle = {The Institute of Electrical and Electronics Engineers, Inc on Conference on Software Maintenance--1985},
 year = {1985},
 isbn = {0-8186-0648-7},
 location = {Washington, D.C, USA},
 pages = {96--105},
 numpages = {10},
 url = {http://dl.acm.org/citation.cfm?id=20924.20936},
 acmid = {20936},
 publisher = {IEEE Press},
 address = {Piscataway, NJ, USA},
} 

@article{Belady1976:ModelEvolution,
 author = {Belady, L. A. and Lehman, M. M.},
 title = {A Model of Large Program Development},
 journal = {IBM Syst. J.},
 issue_date = {September 1976},
 volume = {15},
 number = {3},
 month = sep,
 year = {1976},
 issn = {0018-8670},
 pages = {225--252},
 numpages = {28},
 url = {http://dx.doi.org/10.1147/sj.153.0225},
 doi = {10.1147/sj.153.0225},
 acmid = {1661014},
 publisher = {IBM Corp.},
 address = {Riverton, NJ, USA},
} 


@article{Eick2001:CodeDecay,
 author = {Eick, Stephen G. and Graves, Todd L. and Karr, Alan F. and Marron, J. S. and Mockus, Audris},
 title = {Does Code Decay? Assessing the Evidence from Change Management Data},
 journal = {IEEE Trans. Softw. Eng.},
 issue_date = {January 2001},
 volume = {27},
 number = {1},
 month = jan,
 year = {2001},
 issn = {0098-5589},
 pages = {1--12},
 numpages = {12},
 url = {https://doi.org/10.1109/32.895984},
 doi = {10.1109/32.895984},
 acmid = {359558},
 publisher = {IEEE Press},
 address = {Piscataway, NJ, USA},
 keywords = {Software maintenance, metrics, statistical analysis, fault potential, span of changes, effort modeling.},
} 

@inproceedings{Swanson1976:Dimension, 
 author = {Swanson, E. Burton},
 title = {The Dimensions of Maintenance},
 booktitle = {Proceedings of the 2Nd International Conference on Software Engineering},
 series = {ICSE '76},
 year = {1976},
 location = {San Francisco, California, USA},
 pages = {492--497},
 numpages = {6},
 url = {http://dl.acm.org/citation.cfm?id=800253.807723},
 acmid = {807723},
 publisher = {IEEE Computer Society Press},
 address = {Los Alamitos, CA, USA},
 keywords = {Performance measurement, Software maintenance},
} 
@article{Swanson1990:Departmentalization, 
 author = {Swanson, E. Burton and Beath, Cynthia Mathis},
 title = {Departmentalization in Software Development and Maintenance},
 journal = {Commun. ACM},
 issue_date = {June 1990},
 volume = {33},
 number = {6},
 month = jun,
 year = {1990},
 issn = {0001-0782},
 pages = {658--667},
 numpages = {10},
 url = {http://doi.acm.org/10.1145/78973.78976},
 doi = {10.1145/78973.78976},
 acmid = {78976},
 publisher = {ACM},
 address = {New York, NY, USA},
 keywords = {development, maintenance, management, organizational forms},
} 
