%% This BibTeX bibliography file was created using BibDesk.
%% http://bibdesk.sourceforge.net/

%% Created for Na Meng at 2017-06-28 14:57:56 -0400 


%% Saved with string encoding Unicode (UTF-8) 

@inproceedings{Swanson1976:Dimension, 
 author = {Swanson, E. Burton},
 title = {The Dimensions of Maintenance},
 booktitle = {Proceedings of the 2Nd International Conference on Software Engineering},
 series = {ICSE '76},
 year = {1976},
 location = {San Francisco, California, USA},
 pages = {492--497},
 numpages = {6},
 url = {http://dl.acm.org/citation.cfm?id=800253.807723},
 acmid = {807723},
 publisher = {IEEE Computer Society Press},
 address = {Los Alamitos, CA, USA},
 keywords = {Performance measurement, Software maintenance},
} 

@article{FWP2007,
	Author = {Beat Fluri and Michael W\"ursch and Martin Pinzger and Harald C. Gall},
	Date-Added = {2017-06-28 18:57:30 +0000},
	Date-Modified = {2017-06-28 18:57:30 +0000},
	Journal = {IEEE Transactions on Software Engineering},
	Month = {November},
	Number = {11},
	Owner = {miryung},
	Pages = {18},
	Timestamp = {2008.05.15},
	Title = {Change Distilling---Tree Differencing for Fine-Grained Source Code Change Extraction},
	Volume = {33},
	Year = {2007}}

@inproceedings{Rolim:2017,
	Acmid = {3097417},
	Address = {Piscataway, NJ, USA},
	Author = {Rolim, Reudismam and Soares, Gustavo and D'Antoni, Loris and Polozov, Oleksandr and Gulwani, Sumit and Gheyi, Rohit and Suzuki, Ryo and Hartmann, Bj\"{o}rn},
	Booktitle = {Proceedings of the 39th International Conference on Software Engineering},
	Doi = {10.1109/ICSE.2017.44},
	Isbn = {978-1-5386-3868-2},
	Keywords = {program synthesis, program transformation, refactoring, tutoring systems},
	Location = {Buenos Aires, Argentina},
	Numpages = {12},
	Pages = {404--415},
	Publisher = {IEEE Press},
	Series = {ICSE '17},
	Title = {Learning Syntactic Program Transformations from Examples},
	Url = {https://doi.org/10.1109/ICSE.2017.44},
	Year = {2017},
	Bdsk-Url-1 = {https://doi.org/10.1109/ICSE.2017.44},
	Bdsk-Url-2 = {http://dx.doi.org/10.1109/ICSE.2017.44}}

@inproceedings{MKM2013,
	Author = {Na Meng and Miryung Kim and Kathryn McKinley},
	Booktitle = {ICSE '13: Proceedings of 35th IEEE/ACM International Conference on Software Engineering (Accepted)},
	Date-Added = {2017-06-28 18:31:04 +0000},
	Date-Modified = {2017-06-28 18:31:04 +0000},
	Organization = {IEEE Society},
	Owner = {miryung},
	Pages = {10 pages},
	Timestamp = {2012.11.30},
	Title = {LASE: Locating and Applying Systematic Edits by Learning from Examples},
	Year = {2013}}

@inproceedings{MKM2011,
	Acmid = {1993537},
	Address = {New York, NY, USA},
	Author = {Meng, Na and Kim, Miryung and McKinley, Kathryn S.},
	Booktitle = {Proceedings of the 32nd ACM SIGPLAN conference on Programming language design and implementation},
	Date-Added = {2017-06-28 18:30:49 +0000},
	Date-Modified = {2017-06-28 18:30:49 +0000},
	Doi = {http://doi.acm.org/10.1145/1993498.1993537},
	Isbn = {978-1-4503-0663-8},
	Keywords = {empirical study, program differencing, program transformation, software evolution},
	Location = {San Jose, California, USA},
	Numpages = {14},
	Pages = {329--342},
	Publisher = {ACM},
	Series = {PLDI '11},
	Title = {Systematic editing: generating program transformations from an example},
	Url = {http://doi.acm.org/10.1145/1993498.1993537},
	Year = {2011},
	Bdsk-Url-1 = {http://doi.acm.org/10.1145/1993498.1993537}}

@inproceedings{OConnor:2005,
	Acmid = {1117700},
	Address = {New York, NY, USA},
	Author = {O'Connor, Alexis and Shonle, Macneil and Griswold, William},
	Booktitle = {Proceedings of the 2005 OOPSLA Workshop on Eclipse Technology eXchange},
	Date-Added = {2017-06-28 18:29:32 +0000},
	Date-Modified = {2017-06-28 18:29:32 +0000},
	Doi = {10.1145/1117696.1117700},
	Isbn = {1-59593-342-5},
	Location = {San Diego, California},
	Numpages = {5},
	Pages = {16--20},
	Publisher = {ACM},
	Series = {eclipse '05},
	Title = {Star Diagram with Automated Refactorings for Eclipse},
	Url = {http://doi.acm.org/10.1145/1117696.1117700},
	Year = {2005},
	Bdsk-Url-1 = {http://doi.acm.org/10.1145/1117696.1117700},
	Bdsk-Url-2 = {http://dx.doi.org/10.1145/1117696.1117700}}

@inproceedings{Nguyen:2010,
	Acmid = {1806847},
	Address = {New York, NY, USA},
	Author = {Nguyen, Tung Thanh and Nguyen, Hoan Anh and Pham, Nam H. and Al-Kofahi, Jafar and Nguyen, Tien N.},
	Booktitle = {Proceedings of the 32Nd ACM/IEEE International Conference on Software Engineering - Volume 1},
	Doi = {10.1145/1806799.1806847},
	Isbn = {978-1-60558-719-6},
	Location = {Cape Town, South Africa},
	Numpages = {10},
	Pages = {315--324},
	Publisher = {ACM},
	Series = {ICSE '10},
	Title = {Recurring Bug Fixes in Object-oriented Programs},
	Url = {http://doi.acm.org/10.1145/1806799.1806847},
	Year = {2010},
	Bdsk-Url-1 = {http://doi.acm.org/10.1145/1806799.1806847},
	Bdsk-Url-2 = {http://dx.doi.org/10.1145/1806799.1806847}}

@article{Kim:2005,
	Acmid = {1081737},
	Address = {New York, NY, USA},
	Author = {Kim, Miryung and Sazawal, Vibha and Notkin, David and Murphy, Gail},
	Doi = {10.1145/1095430.1081737},
	Issn = {0163-5948},
	Issue_Date = {September 2005},
	Journal = {SIGSOFT Softw. Eng. Notes},
	Keywords = {code clone, empirical study, refactoring, software evolution, software maintenance},
	Month = sep,
	Number = {5},
	Numpages = {10},
	Pages = {187--196},
	Publisher = {ACM},
	Title = {An Empirical Study of Code Clone Genealogies},
	Url = {http://doi.acm.org/10.1145/1095430.1081737},
	Volume = {30},
	Year = {2005},
	Bdsk-Url-1 = {http://doi.acm.org/10.1145/1095430.1081737},
	Bdsk-Url-2 = {http://dx.doi.org/10.1145/1095430.1081737}}

@inproceedings{Kim:2009,
	Acmid = {1555046},
	Address = {Washington, DC, USA},
	Author = {Kim, Miryung and Notkin, David},
	Booktitle = {Proceedings of the 31st International Conference on Software Engineering},
	Doi = {10.1109/ICSE.2009.5070531},
	Isbn = {978-1-4244-3453-4},
	Numpages = {11},
	Pages = {309--319},
	Publisher = {IEEE Computer Society},
	Series = {ICSE '09},
	Title = {Discovering and Representing Systematic Code Changes},
	Url = {http://dx.doi.org/10.1109/ICSE.2009.5070531},
	Year = {2009},
	Bdsk-Url-1 = {http://dx.doi.org/10.1109/ICSE.2009.5070531}}

@inproceedings{Batory:2003,
	Acmid = {776839},
	Address = {Washington, DC, USA},
	Author = {Batory, Don and Sarvela, Jacob Neal and Rauschmayer, Axel},
	Booktitle = {Proceedings of the 25th International Conference on Software Engineering},
	Isbn = {0-7695-1877-X},
	Location = {Portland, Oregon},
	Numpages = {11},
	Pages = {187--197},
	Publisher = {IEEE Computer Society},
	Series = {ICSE '03},
	Title = {Scaling Step-wise Refinement},
	Url = {http://dl.acm.org/citation.cfm?id=776816.776839},
	Year = {2003},
	Bdsk-Url-1 = {http://dl.acm.org/citation.cfm?id=776816.776839}}

@inproceedings{Murphy-Hill:2008,
	Acmid = {1368146},
	Address = {New York, NY, USA},
	Author = {Murphy-Hill, Emerson and Black, Andrew P.},
	Booktitle = {Proceedings of the 30th International Conference on Software Engineering},
	Doi = {10.1145/1368088.1368146},
	Isbn = {978-1-60558-079-1},
	Keywords = {environments, refactoring, tools, usability},
	Location = {Leipzig, Germany},
	Numpages = {10},
	Pages = {421--430},
	Publisher = {ACM},
	Series = {ICSE '08},
	Title = {Breaking the Barriers to Successful Refactoring: Observations and Tools for Extract Method},
	Url = {http://doi.acm.org/10.1145/1368088.1368146},
	Year = {2008},
	Bdsk-Url-1 = {http://doi.acm.org/10.1145/1368088.1368146},
	Bdsk-Url-2 = {http://dx.doi.org/10.1145/1368088.1368146}}

@inproceedings{Murphy-Hill:2011,
	Author = {E. Murphy-Hill and M. Ayazifar and A. P. Black},
	Booktitle = {2011 IEEE Symposium on Visual Languages and Human-Centric Computing (VL/HCC)},
	Doi = {10.1109/VLHCC.2011.6070394},
	Issn = {1943-6092},
	Keywords = {software maintenance;user interfaces;expert tool user;gesture mapping;marking menus;novice tool user;refactoring tool;software refactoring;software restructuring;Vehicles},
	Month = {Sept},
	Pages = {165-172},
	Title = {Restructuring software with gestures},
	Year = {2011},
	Bdsk-Url-1 = {http://dx.doi.org/10.1109/VLHCC.2011.6070394}}

@inproceedings{Parnin:2008,
	Acmid = {1409733},
	Address = {New York, NY, USA},
	Author = {Parnin, Chris and G\"{o}rg, Carsten and Nnadi, Ogechi},
	Booktitle = {Proceedings of the 4th ACM Symposium on Software Visualization},
	Doi = {10.1145/1409720.1409733},
	Isbn = {978-1-60558-112-5},
	Keywords = {code inspection, code smells, lightweight visualization, refactoring},
	Location = {Ammersee, Germany},
	Numpages = {10},
	Pages = {77--86},
	Publisher = {ACM},
	Series = {SoftVis '08},
	Title = {A Catalogue of Lightweight Visualizations to Support Code Smell Inspection},
	Url = {http://doi.acm.org/10.1145/1409720.1409733},
	Year = {2008},
	Bdsk-Url-1 = {http://doi.acm.org/10.1145/1409720.1409733},
	Bdsk-Url-2 = {http://dx.doi.org/10.1145/1409720.1409733}}

@inproceedings{Mealy:2007,
	Author = {E. Mealy and D. Carrington and P. Strooper and P. Wyeth},
	Booktitle = {Software Engineering Conference, 2007. ASWEC 2007. 18th Australian},
	Doi = {10.1109/ASWEC.2007.24},
	Issn = {1530-0803},
	Keywords = {software maintenance;software prototyping;software tools;ISO 9241-11 usability standard;software refactoring tool;task allocation;Costs;Guidelines;ISO standards;Prototypes;Software prototyping;Software quality;Software standards;Software systems;Software tools;Usability},
	Month = {April},
	Pages = {307-318},
	Title = {Improving Usability of Software Refactoring Tools},
	Year = {2007},
	Bdsk-Url-1 = {http://dx.doi.org/10.1109/ASWEC.2007.24}}

@inproceedings{Vakilian:2012,
	Author = {M. Vakilian and N. Chen and S. Negara and B. A. Rajkumar and B. P. Bailey and R. E. Johnson},
	Booktitle = {2012 34th International Conference on Software Engineering (ICSE)},
	Doi = {10.1109/ICSE.2012.6227190},
	Issn = {0270-5257},
	Keywords = {software maintenance;software tools;awareness;behavioral data;interaction data;invocation method;lightweight methods;naming;predictability;predictable automated refactorings;refactoring tools;trust;Context;Educational institutions;Interviews;Programming;Reliability;Software;User interfaces;Human computer interaction;Human factors;Programming environments;Software engineering;Software maintenance;User interfaces},
	Month = {June},
	Pages = {233-243},
	Title = {Use, disuse, and misuse of automated refactorings},
	Year = {2012},
	Bdsk-Url-1 = {http://dx.doi.org/10.1109/ICSE.2012.6227190}}

@article{Tsantalis2013:icsm,
	Author = {Giri Panamoottil Krishnan and Nikolaos Tsantalis},
	Date-Added = {2017-06-27 20:36:30 +0000},
	Date-Modified = {2017-06-27 20:36:30 +0000},
	Journal = {ICSM},
	Pages = {360-363},
	Title = {Refactoring Clones: An Optimization Problem},
	Volume = {0},
	Year = {2013},
	Bdsk-File-1 = {YnBsaXN0MDDUAQIDBAUGJCVYJHZlcnNpb25YJG9iamVjdHNZJGFyY2hpdmVyVCR0b3ASAAGGoKgHCBMUFRYaIVUkbnVsbNMJCgsMDxJXTlMua2V5c1pOUy5vYmplY3RzViRjbGFzc6INDoACgAOiEBGABIAFgAdccmVsYXRpdmVQYXRoWWFsaWFzRGF0YV8QHi4uLy4uLy4uL0Rvd25sb2Fkcy8xODA4OTA2LmJpYtIXCxgZV05TLmRhdGFPEQFyAAAAAAFyAAIAAAxNYWNpbnRvc2ggSEQAAAAAAAAAAAAAAAAAAADOl2VzSCsAAAAI93ALMTgwODkwNi5iaWIAAAAAAAAAAAAAAAAAAAAAAAAAAAAAAAAAAAAAAAAAAAAAAAAAAAAAAAAAAAAAAAAAAAAAABVyR88+ah8AAAAAAAAAAAADAAIAAAkgAAAAAAAAAAAAAAAAAAAACURvd25sb2FkcwAAEAAIAADOl6vDAAAAEQAIAADPPr5/AAAAAQAMAAj3cAAI920AAmSOAAIAMk1hY2ludG9zaCBIRDpVc2VyczoAbm04MjQ3OgBEb3dubG9hZHM6ADE4MDg5MDYuYmliAA4AGAALADEAOAAwADgAOQAwADYALgBiAGkAYgAPABoADABNAGEAYwBpAG4AdABvAHMAaAAgAEgARAASACJVc2Vycy9ubTgyNDcvRG93bmxvYWRzLzE4MDg5MDYuYmliABMAAS8AABUAAgAN//8AAIAG0hscHR5aJGNsYXNzbmFtZVgkY2xhc3Nlc11OU011dGFibGVEYXRhox0fIFZOU0RhdGFYTlNPYmplY3TSGxwiI1xOU0RpY3Rpb25hcnmiIiBfEA9OU0tleWVkQXJjaGl2ZXLRJidUcm9vdIABAAgAEQAaACMALQAyADcAQABGAE0AVQBgAGcAagBsAG4AcQBzAHUAdwCEAI4ArwC0ALwCMgI0AjkCRAJNAlsCXwJmAm8CdAKBAoQClgKZAp4AAAAAAAACAQAAAAAAAAAoAAAAAAAAAAAAAAAAAAACoA==}}

@inproceedings{Balazinska1999,
	Author = {Magdalena Balazinska and Ettore Merlo and Michel Dagenais and Bruno Lague and Kostas Kontogiannis},
	Booktitle = {WCRE},
	Date-Added = {2017-06-27 20:35:56 +0000},
	Date-Modified = {2017-06-27 20:35:56 +0000},
	Isbn = {0-7695-0303-9},
	Owner = {miryung},
	Pages = {326},
	Timestamp = {2009.04.24},
	Title = {Partial Redesign of Java Software Systems Based on Clone Analysis},
	Year = {1999}}

@phdthesis{Griswold:1992,
	Address = {Seattle, WA, USA},
	Author = {Griswold, William G.},
	Note = {UMI Order No. GAX92-03258},
	Publisher = {University of Washington},
	Title = {Program Restructuring As an Aid to Software Maintenance},
	Year = {1992}}

@inproceedings{Meng:2015,
	Acmid = {2818804},
	Address = {Piscataway, NJ, USA},
	Author = {Meng, Na and Hua, Lisa and Kim, Miryung and McKinley, Kathryn S.},
	Booktitle = {Proceedings of the 37th International Conference on Software Engineering - Volume 1},
	Isbn = {978-1-4799-1934-5},
	Location = {Florence, Italy},
	Numpages = {11},
	Pages = {392--402},
	Publisher = {IEEE Press},
	Series = {ICSE '15},
	Title = {Does Automated Refactoring Obviate Systematic Editing?},
	Url = {http://dl.acm.org/citation.cfm?id=2818754.2818804},
	Year = {2015},
	Bdsk-Url-1 = {http://dl.acm.org/citation.cfm?id=2818754.2818804}}

@inproceedings{Kim:2016,
	Acmid = {2884802},
	Address = {New York, NY, USA},
	Author = {Kim, Jongwook and Batory, Don and Dig, Danny and Azanza, Maider},
	Booktitle = {Proceedings of the 38th International Conference on Software Engineering},
	Doi = {10.1145/2884781.2884802},
	Isbn = {978-1-4503-3900-1},
	Location = {Austin, Texas},
	Numpages = {12},
	Pages = {1145--1156},
	Publisher = {ACM},
	Series = {ICSE '16},
	Title = {Improving Refactoring Speed by 10X},
	Url = {http://doi.acm.org/10.1145/2884781.2884802},
	Year = {2016},
	Bdsk-Url-1 = {http://doi.acm.org/10.1145/2884781.2884802},
	Bdsk-Url-2 = {http://dx.doi.org/10.1145/2884781.2884802}}

@inproceedings{Ge:2012,
	Acmid = {2337249},
	Address = {Piscataway, NJ, USA},
	Author = {Ge, Xi and DuBose, Quinton L. and Murphy-Hill, Emerson},
	Booktitle = {Proceedings of the 34th International Conference on Software Engineering},
	Isbn = {978-1-4673-1067-3},
	Location = {Zurich, Switzerland},
	Numpages = {11},
	Pages = {211--221},
	Publisher = {IEEE Press},
	Series = {ICSE '12},
	Title = {Reconciling Manual and Automatic Refactoring},
	Url = {http://dl.acm.org/citation.cfm?id=2337223.2337249},
	Year = {2012},
	Bdsk-Url-1 = {http://dl.acm.org/citation.cfm?id=2337223.2337249}}

@inproceedings{Dig:2009,
	Acmid = {1640018},
	Address = {New York, NY, USA},
	Author = {Dig, Danny and Tarce, Mihai and Radoi, Cosmin and Minea, Marius and Johnson, Ralph},
	Booktitle = {Proceedings of the 24th ACM SIGPLAN Conference Companion on Object Oriented Programming Systems Languages and Applications},
	Doi = {10.1145/1639950.1640018},
	Isbn = {978-1-60558-768-4},
	Keywords = {concurrency, parallelism, program analysis, program transformation, refactoring},
	Location = {Orlando, Florida, USA},
	Numpages = {2},
	Pages = {793--794},
	Publisher = {ACM},
	Series = {OOPSLA '09},
	Title = {Relooper: Refactoring for Loop Parallelism in Java},
	Url = {http://doi.acm.org/10.1145/1639950.1640018},
	Year = {2009},
	Bdsk-Url-1 = {http://doi.acm.org/10.1145/1639950.1640018},
	Bdsk-Url-2 = {http://dx.doi.org/10.1145/1639950.1640018}}

@inproceedings{Chen:2013,
	Author = {N. Chen and R. E. Johnson},
	Booktitle = {2013 28th IEEE/ACM International Conference on Automated Software Engineering (ASE)},
	Doi = {10.1109/ASE.2013.6693080},
	Keywords = {interactive systems;parallel programming;public domain software;software maintenance;Eclipse IDE;Groovy GPars;Intel TBB flow graph;JFlow;Microsoft TPL dataflow;RMS domain;automatic financial trading;data warehousing;flow-based parallelism;image processing;interactive refactoring tool;large open source projects;parallel libraries;recognition, mining and synthesis domain;sequential code refactoring;video processing;Databases;Feature extraction;Java;Libraries;Parallel processing;Pipelines;Sensitivity},
	Month = {Nov},
	Pages = {202-212},
	Title = {JFlow: Practical refactorings for flow-based parallelism},
	Year = {2013},
	Bdsk-Url-1 = {http://dx.doi.org/10.1109/ASE.2013.6693080}}

@inproceedings{Lee:2013,
	Acmid = {2486792},
	Address = {Piscataway, NJ, USA},
	Author = {Lee, Yun Young and Chen, Nicholas and Johnson, Ralph E.},
	Booktitle = {Proceedings of the 2013 International Conference on Software Engineering},
	Isbn = {978-1-4673-3076-3},
	Location = {San Francisco, CA, USA},
	Numpages = {10},
	Pages = {23--32},
	Publisher = {IEEE Press},
	Series = {ICSE '13},
	Title = {Drag-and-drop Refactoring: Intuitive and Efficient Program Transformation},
	Url = {http://dl.acm.org/citation.cfm?id=2486788.2486792},
	Year = {2013},
	Bdsk-Url-1 = {http://dl.acm.org/citation.cfm?id=2486788.2486792}}

@book{1999:RID,
	Address = {Boston, MA, USA},
	Isbn = {0-201-48567-2},
	Key = {{$\!\!$}},
	Publisher = {Addison-Wesley Longman Publishing Co., Inc.},
	Title = {Refactoring: Improving the Design of Existing Code},
	Year = {1999}}

@inproceedings{DuR2007,
	Address = {Washington, DC, USA},
	Author = {Ekwa Duala-Ekoko and Martin P. Robillard},
	Booktitle = {ICSE '07: Proceedings of the 29th International Conference on Software Engineering},
	Date-Added = {2017-06-27 19:52:32 +0000},
	Date-Modified = {2017-06-27 19:52:32 +0000},
	Doi = {http://dx.doi.org/10.1109/ICSE.2007.90},
	Isbn = {0-7695-2828-7},
	Owner = {miryung},
	Pages = {158--167},
	Publisher = {IEEE Computer Society},
	Timestamp = {2009.04.24},
	Title = {Tracking Code Clones in Evolving Software},
	Year = {2007},
	Bdsk-Url-1 = {http://dx.doi.org/10.1109/ICSE.2007.90}}

@inproceedings{NNP2009,
	Address = {Washington, DC, USA},
	Author = {Nguyen, Tung Thanh and Nguyen, Hoan Anh and Pham, Nam H. and Al-Kofahi, Jafar M. and Nguyen, Tien N.},
	Booktitle = {ASE '09: Proceedings of the 2009 IEEE/ACM International Conference on Automated Software Engineering},
	Date-Added = {2017-06-27 19:49:16 +0000},
	Date-Modified = {2017-06-27 19:49:16 +0000},
	Doi = {http://dx.doi.org/10.1109/ASE.2009.90},
	Isbn = {978-0-7695-3891-4},
	Pages = {123--134},
	Publisher = {IEEE Computer Society},
	Title = {Clone-Aware Configuration Management},
	Year = {2009},
	Bdsk-Url-1 = {http://dx.doi.org/10.1109/ASE.2009.90}}

@inproceedings{TBG2004,
	Address = {Washington, DC, USA},
	Author = {Michael Toomim and Andrew Begel and Susan L. Graham},
	Booktitle = {VLHCC '04: Proceedings of the 2004 IEEE Symposium on Visual Languages - Human Centric Computing},
	Date-Added = {2017-06-27 19:01:21 +0000},
	Date-Modified = {2017-06-27 19:01:21 +0000},
	Doi = {http://dx.doi.org/10.1109/VLHCC.2004.35},
	Isbn = {0-7803-8696-5},
	Owner = {miryung},
	Pages = {173--180},
	Publisher = {IEEE Computer Society},
	Timestamp = {2009.04.24},
	Title = {Managing Duplicated Code with Linked Editing},
	Year = {2004},
	Bdsk-Url-1 = {http://dx.doi.org/10.1109/VLHCC.2004.35}}

@inproceedings{MiM2001,
	Address = {Berkeley, CA, USA},
	Author = {Robert C. Miller and Brad A. Myers},
	Booktitle = {Proceedings of the General Track: 2002 USENIX Annual Technical Conference},
	Date-Added = {2017-06-27 18:53:41 +0000},
	Date-Modified = {2017-06-27 18:53:41 +0000},
	Isbn = {1-880446-09-X},
	Owner = {miryung},
	Pages = {161--174},
	Publisher = {USENIX Association},
	Timestamp = {2009.04.24},
	Title = {Interactive Simultaneous Editing of Multiple Text Regions},
	Year = {2001}}

@article{Feser:2015,
	Acmid = {2737977},
	Address = {New York, NY, USA},
	Author = {Feser, John K. and Chaudhuri, Swarat and Dillig, Isil},
	Doi = {10.1145/2813885.2737977},
	Issn = {0362-1340},
	Issue_Date = {June 2015},
	Journal = {SIGPLAN Not.},
	Keywords = {Program synthesis, automated deduction, data transformations, programming by example, search-based synthesis},
	Month = jun,
	Number = {6},
	Numpages = {11},
	Pages = {229--239},
	Publisher = {ACM},
	Title = {Synthesizing Data Structure Transformations from Input-output Examples},
	Url = {http://doi.acm.org/10.1145/2813885.2737977},
	Volume = {50},
	Year = {2015},
	Bdsk-Url-1 = {http://doi.acm.org/10.1145/2813885.2737977},
	Bdsk-Url-2 = {http://dx.doi.org/10.1145/2813885.2737977}}

@inproceedings{Yaghmazadeh:2016,
	Acmid = {2908088},
	Address = {New York, NY, USA},
	Author = {Yaghmazadeh, Navid and Klinger, Christian and Dillig, Isil and Chaudhuri, Swarat},
	Booktitle = {Proceedings of the 37th ACM SIGPLAN Conference on Programming Language Design and Implementation},
	Doi = {10.1145/2908080.2908088},
	Isbn = {978-1-4503-4261-2},
	Keywords = {Program synthesis, data transformations, programming by example},
	Location = {Santa Barbara, CA, USA},
	Numpages = {14},
	Pages = {508--521},
	Publisher = {ACM},
	Series = {PLDI '16},
	Title = {Synthesizing Transformations on Hierarchically Structured Data},
	Url = {http://doi.acm.org/10.1145/2908080.2908088},
	Year = {2016},
	Bdsk-Url-1 = {http://doi.acm.org/10.1145/2908080.2908088},
	Bdsk-Url-2 = {http://dx.doi.org/10.1145/2908080.2908088}}

@inproceedings{GKT2011,
	Acmid = {1993505},
	Address = {New York, NY, USA},
	Author = {Gulwani, Sumit and Korthikanti, Vijay Anand and Tiwari, Ashish},
	Booktitle = {Proceedings of the 32nd ACM SIGPLAN conference on Programming language design and implementation},
	Date-Added = {2017-06-27 18:44:00 +0000},
	Date-Modified = {2017-06-27 18:44:00 +0000},
	Doi = {http://doi.acm.org/10.1145/1993498.1993505},
	Isbn = {978-1-4503-0663-8},
	Keywords = {abstraction, forward and backward analysis, program synthesis, ruler-compass geometry constructions},
	Location = {San Jose, California, USA},
	Numpages = {12},
	Pages = {50--61},
	Publisher = {ACM},
	Series = {PLDI '11},
	Title = {Synthesizing geometry constructions},
	Url = {http://doi.acm.org/10.1145/1993498.1993505},
	Year = {2011},
	Bdsk-Url-1 = {http://doi.acm.org/10.1145/1993498.1993505}}

@inproceedings{HaG2011,
	Acmid = {1993536},
	Address = {New York, NY, USA},
	Author = {Harris, William R. and Gulwani, Sumit},
	Booktitle = {Proceedings of the 32nd ACM SIGPLAN conference on Programming language design and implementation},
	Date-Added = {2017-06-27 18:43:34 +0000},
	Date-Modified = {2017-06-27 18:43:34 +0000},
	Doi = {http://doi.acm.org/10.1145/1993498.1993536},
	Isbn = {978-1-4503-0663-8},
	Keywords = {end-user programming, program synthesis, programming by example, spreadsheet programming, table manipulation, user intent},
	Location = {San Jose, California, USA},
	Numpages = {12},
	Pages = {317--328},
	Publisher = {ACM},
	Series = {PLDI '11},
	Title = {Spreadsheet table transformations from examples},
	Url = {http://doi.acm.org/10.1145/1993498.1993536},
	Year = {2011},
	Bdsk-Url-1 = {http://doi.acm.org/10.1145/1993498.1993536}}

@inproceedings{Gul2011,
	Acmid = {1926423},
	Address = {New York, NY, USA},
	Author = {Gulwani, Sumit},
	Booktitle = {Proceedings of the 38th annual ACM SIGPLAN-SIGACT symposium on Principles of programming languages},
	Date-Added = {2017-06-27 18:36:00 +0000},
	Date-Modified = {2017-06-27 18:36:00 +0000},
	Doi = {http://doi.acm.org/10.1145/1926385.1926423},
	Isbn = {978-1-4503-0490-0},
	Keywords = {program synthesis, programming by example (pbe), spreadsheet programming, string manipulation, user intent, version space algebra},
	Location = {Austin, Texas, USA},
	Numpages = {14},
	Pages = {317--330},
	Publisher = {ACM},
	Series = {POPL '11},
	Title = {Automating string processing in spreadsheets using input-output examples},
	Url = {http://doi.acm.org/10.1145/1926385.1926423},
	Year = {2011},
	Bdsk-Url-1 = {http://doi.acm.org/10.1145/1926385.1926423}}

@inproceedings{Gul2010,
	Acmid = {1836091},
	Address = {New York, NY, USA},
	Author = {Gulwani, Sumit},
	Booktitle = {Proceedings of the 12th international ACM SIGPLAN symposium on Principles and practice of declarative programming},
	Date-Added = {2017-06-27 18:27:52 +0000},
	Date-Modified = {2017-06-27 18:27:52 +0000},
	Doi = {http://doi.acm.org/10.1145/1836089.1836091},
	Isbn = {978-1-4503-0132-9},
	Keywords = {belief propagation, deductive synthesis, genetic programming, inductive synthesis, machine learning, probabilistic inference, programming by demonstration, programming by examples, sat solving, smt solving},
	Location = {Hagenberg, Austria},
	Numpages = {12},
	Pages = {13--24},
	Publisher = {ACM},
	Series = {PPDP '10},
	Title = {Dimensions in program synthesis},
	Url = {http://doi.acm.org/10.1145/1836089.1836091},
	Year = {2010},
	Bdsk-Url-1 = {http://doi.acm.org/10.1145/1836089.1836091}}

@misc{phonegap,
	Date-Added = {2017-06-27 15:58:33 +0000},
	Date-Modified = {2017-06-27 15:58:33 +0000},
	Howpublished = {\url{https://build.phonegap.com}},
	Title = {{PhoneGap}}}

@misc{html5,
	Date-Added = {2017-06-27 15:56:02 +0000},
	Date-Modified = {2017-06-27 15:56:02 +0000},
	Howpublished = {\url{https://www.w3.org/TR/html5/}},
	Title = {{HTML5}}}

@inproceedings{Nix1984,
	Acmid = {800530},
	Address = {New York, NY, USA},
	Author = {Nix, Robert},
	Booktitle = {Proceedings of the 11th ACM SIGACT-SIGPLAN symposium on Principles of programming languages},
	Date-Added = {2017-06-27 15:49:55 +0000},
	Date-Modified = {2017-06-27 15:49:55 +0000},
	Doi = {http://doi.acm.org/10.1145/800017.800530},
	Isbn = {0-89791-125-3},
	Location = {Salt Lake City, Utah, United States},
	Numpages = {10},
	Pages = {186--195},
	Publisher = {ACM},
	Series = {POPL '84},
	Title = {Editing by example},
	Url = {http://doi.acm.org/10.1145/800017.800530},
	Year = {1984},
	Bdsk-Url-1 = {http://doi.acm.org/10.1145/800017.800530}}

@inbook{WiM1993,
	Acmid = {168108},
	Address = {Cambridge, MA, USA},
	Author = {Witten, Ian H. and Mo, Dan},
	Book = {Watch what I do},
	Date-Added = {2017-06-27 15:40:16 +0000},
	Date-Modified = {2017-06-27 15:40:16 +0000},
	Isbn = {0-262-03213-9},
	Numpages = {21},
	Pages = {183--203},
	Publisher = {MIT Press},
	Title = {TELS: learning text editing tasks from examples},
	Url = {http://portal.acm.org/citation.cfm?id=168080.168108},
	Year = {1993},
	Bdsk-Url-1 = {http://portal.acm.org/citation.cfm?id=168080.168108}}

@inproceedings{LaH1995,
	Acmid = {834280},
	Address = {Washington, DC, USA},
	Author = {Landauer, J. and Hirakawa, M.},
	Booktitle = {Proceedings of the 11th International IEEE Symposium on Visual Languages},
	Date-Added = {2017-06-27 15:39:08 +0000},
	Date-Modified = {2017-06-27 15:39:08 +0000},
	Isbn = {0-8186-7045-2},
	Keywords = {Visual AWK, control structure inference, expressive power, feedback, generalisation (artificial intelligence), inference mechanisms, pattern-action paradigm, program visualization, programming-by-demonstration, spreadsheet metaphor, spreadsheet programs, text processing, usability, user-intended generalization, vertical demonstration, visual feedback, visual languages, visual programming, visual programming language, word processing},
	Pages = {267--},
	Publisher = {IEEE Computer Society},
	Series = {VL '95},
	Title = {Visual AWK: a model for text processing by demonstration},
	Url = {http://portal.acm.org/citation.cfm?id=832276.834280},
	Year = {1995},
	Bdsk-Url-1 = {http://portal.acm.org/citation.cfm?id=832276.834280}}

@inbook{LWD2001,
	Acmid = {369519},
	Address = {San Francisco, CA, USA},
	Author = {Lau, Tessa and Wolfman, Steven A. and Domingos, Pedro and Weld, Daniel S.},
	Book = {Your wish is my command},
	Date-Added = {2017-06-27 15:29:46 +0000},
	Date-Modified = {2017-06-27 15:29:46 +0000},
	Isbn = {1-55860-688-2},
	Numpages = {18},
	Pages = {209--226},
	Publisher = {Morgan Kaufmann Publishers Inc.},
	Title = {Learning repetitive text-editing procedures with SMARTedit},
	Url = {http://portal.acm.org/citation.cfm?id=369505.369519},
	Year = {2001},
	Bdsk-Url-1 = {http://portal.acm.org/citation.cfm?id=369505.369519}}

@book{Lie2001,
	Added-At = {2010-04-21T22:00:14.000+0200},
	Biburl = {http://www.bibsonomy.org/bibtex/22c5abe5fbfa2aac7942a9071a321f39a/emanuel},
	Date-Added = {2017-06-27 15:20:42 +0000},
	Date-Modified = {2017-06-27 15:20:42 +0000},
	Editor = {Henry Lieberman},
	Keywords = {pbe},
	Publisher = {Morgan Kaufmann Publishers},
	Title = {Your Wish is My Command: Programming by Example},
	Year = {2001}}

@inproceedings{Nguyen:15,
	Author = {A. T. Nguyen and T. T. Nguyen and T. N. Nguyen},
	Booktitle = {2015 30th IEEE/ACM International Conference on Automated Software Engineering (ASE)},
	Date-Added = {2017-06-27 15:09:48 +0000},
	Date-Modified = {2017-06-27 15:09:54 +0000},
	Title = {Divide-and-Conquer Approach for Multi-phase Statistical Migration for Source Code (T)},
	Year = {2015}}

@inproceedings{Tonella:04,
	Author = {P. Tonella and M. Ceccato},
	Booktitle = {20th IEEE International Conference on Software Maintenance, 2004. Proceedings.},
	Date-Added = {2017-06-27 14:52:03 +0000},
	Date-Modified = {2017-06-27 14:52:12 +0000},
	Doi = {10.1109/ICSM.2004.1357806},
	Issn = {1063-6773},
	Keywords = {object-oriented programming;software engineering;aspect oriented programming;code transformation;dynamic composition;interface implementation migration;interface method;software engineering;static composition;transversal functionality;Computer architecture;Dynamic programming;Engineering management;Functional programming;Graphical user interfaces;Information retrieval;Mutual coupling;Scattering;Software engineering;Software systems},
	Month = {Sept},
	Pages = {220-229},
	Title = {Migrating interface implementations to aspects},
	Year = {2004},
	Bdsk-Url-1 = {http://dx.doi.org/10.1109/ICSM.2004.1357806}}

@inproceedings{El-Ramly:2006,
	Author = {El-Ramly, M. and Eltayeb, R. and Alla, H. A.},
	Booktitle = {Proceedings of the IEEE International Conference on Computer Systems and Applications},
	Date-Added = {2017-06-27 14:51:51 +0000},
	Date-Modified = {2017-06-27 14:51:51 +0000},
	Title = {An Experiment in Automatic Conversion of Legacy {J}ava Programs to {C}\#},
	Year = {2006}}

@inproceedings{Chu:08,
	Author = {J. Chu and T. Dean},
	Booktitle = {2008 Eighth IEEE International Working Conference on Source Code Analysis and Manipulation},
	Date-Added = {2017-06-27 14:51:24 +0000},
	Date-Modified = {2017-06-27 14:51:34 +0000},
	Doi = {10.1109/SCAM.2008.29},
	Keywords = {Internet;Java;XML;AJAX;Asynchronous JavaScript and XML;Web application programming;automated list based JSP Web page migration;Costs;Data mining;HTML;Java;Merging;Motion pictures;Navigation;Web pages;Web services;XML;Automated Migration;TXL;Web Transformation},
	Month = {Sept},
	Pages = {217-226},
	Title = {Automated Migration of List Based JSP Web Pages to AJAX},
	Year = {2008},
	Bdsk-Url-1 = {http://dx.doi.org/10.1109/SCAM.2008.29}}

@article{Cordy2006,
	Address = {Amsterdam, The Netherlands, The Netherlands},
	Author = {James R. Cordy},
	Date-Added = {2017-06-27 14:48:51 +0000},
	Date-Modified = {2017-06-27 14:48:51 +0000},
	Doi = {http://dx.doi.org/10.1016/j.scico.2006.04.002},
	Issn = {0167-6423},
	Journal = {Science of Computer Programming},
	Number = {3},
	Owner = {miryung},
	Pages = {190--210},
	Publisher = {Elsevier North-Holland, Inc.},
	Timestamp = {2009.04.24},
	Title = {The {TXL} source transformation language},
	Volume = {61},
	Year = {2006},
	Bdsk-Url-1 = {http://dx.doi.org/10.1016/j.scico.2006.04.002}}

@misc{cobol2java,
	Date-Added = {2017-06-27 14:12:52 +0000},
	Date-Modified = {2017-06-27 14:48:04 +0000},
	Howpublished = {\url{http://www.semdesigns.com/Products/Services/COBOLMigration.html?Home=LegacyMigration}},
	Title = {{COBOL Migration to Java or .NET}}}

@misc{jovial2c,
	Date-Added = {2017-06-27 14:11:56 +0000},
	Date-Modified = {2017-06-27 14:48:20 +0000},
	Howpublished = {\url{http://www.semdesigns.com/Products/MigrationTools/JOVIAL2C.html}},
	Title = {{JOVIAL2C Translator}}}

@article{Hassan:2005,
	Author = {Hassan, Ahmed E. and Holt, Richard C.},
	Date-Added = {2017-06-27 14:07:26 +0000},
	Date-Modified = {2017-06-27 14:07:26 +0000},
	Journal = {Inf. Softw. Technol.},
	Title = {A Lightweight Approach for Migrating Web Frameworks},
	Year = {2005}}

@inproceedings{Sneed:2010,
	Author = {Sneed, Harry M.},
	Booktitle = {Proceedings of the 2010 IEEE International Conference on Software Maintenance},
	Date-Added = {2017-06-27 14:07:07 +0000},
	Date-Modified = {2017-06-27 14:07:07 +0000},
	Title = {{Migrating from COBOL to Java}},
	Year = {2010}}

@inproceedings{Mossienko:03,
	Author = {M. Mossienko},
	Booktitle = {Seventh European Conference onSoftware Maintenance and Reengineering, 2003. Proceedings.},
	Date-Added = {2017-06-27 14:06:09 +0000},
	Date-Modified = {2017-06-27 14:06:39 +0000},
	Title = {{Automated Cobol to Java recycling}},
	Year = {2003}}

@article{Yasumatsu:95,
	Abstract = {mapping of execution models between Smalltalk and spice: compiled methods are mapped onto machine code, contexts are mapped to stack frames. The runtime replacement classes, implement the same functionality of smalltalk classes that are part of the Smalltalk execution model and the runtime system},
	Author = {K. Yasumatsu and N. Doi},
	Date-Added = {2017-06-27 14:05:38 +0000},
	Date-Modified = {2017-06-27 14:05:46 +0000},
	Journal = {IEEE Transactions on Software Engineering},
	Title = {{SPiCE}: a system for translating {S}malltalk programs into a {C} environment},
	Year = {1995}}

@inproceedings{goto2013extract,
  title={How to extract differences from similar programs?: a cohesion metric approach},
  author={Goto, Akira and Yoshida, Norihiro and Ioka, Masakazu and Choi, Eunjong and Inoue, Katsuro},
  booktitle={Proceedings of the 7th International Workshop on Software Clones},
  pages={23--29},
  year={2013},
  organization={IEEE Press}
}

@inproceedings{higo2013identifying,
  title={Identifying clone removal opportunities based on co-evolution analysis},
  author={Higo, Yoshiki and Kusumoto, Shinji},
  booktitle={Proceedings of the 2013 International Workshop on Principles of Software Evolution},
  pages={63--67},
  year={2013},
  organization={ACM}
}

@article{tairas2012increasing,
  title={Increasing clone maintenance support by unifying clone detection and refactoring activities},
  author={Tairas, Robert and Gray, Jeff},
  journal={Information and Software Technology},
  volume={54},
  number={12},
  pages={1297--1307},
  year={2012},
  publisher={Elsevier}
}

@inproceedings{juillerat2007toward,
  title={Toward an implementation of the" form template method" refactoring},
  author={Juillerat, Nicolas and Hirsbrunner, Beat},
  booktitle={Source Code Analysis and Manipulation, 2007. SCAM 2007. Seventh IEEE International Working Conference on},
  pages={81--90},
  year={2007},
  organization={IEEE}
}

@article{tsantalis2011identification,
  title={Identification of extract method refactoring opportunities for the decomposition of methods},
  author={Tsantalis, Nikolaos and Chatzigeorgiou, Alexander},
  journal={Journal of Systems and Software},
  volume={84},
  number={10},
  pages={1757--1782},
  year={2011},
  publisher={Elsevier}
}
