% This file was created with JabRef 2.4.1.
% Encoding: ISO8859_1

@INPROCEEDINGS{Balazinska2000,
  author = {Magdalena Balazinska and Ettore Merlo and Michel Dagenais and Bruno
	Lag\"{u}e and Kostas Kontogiannis},
  title = {Advanced Clone-Analysis to Support Object-Oriented System Refactoring},
  booktitle = {WCRE '00: Proceedings of the Seventh Working Conference on Reverse
	Engineering},
  year = {2000},
  pages = {98},
  address = {Washington, DC, USA},
  publisher = {IEEE Computer Society},
  isbn = {0-7695-0881-2},
  owner = {miryung},
  timestamp = {2009.04.24}
}

@INPROCEEDINGS{Dig2006,
  author = {Danny Dig and Ralph Johnson},
  title = {Automated detection of refactorings in evolving components},
  booktitle = {ECOOP '06: Proceedings of European Conference on Object-Oriented
	Programming},
  year = {2006},
  pages = {404--428},
  publisher = {Springer},
  owner = {miryung},
  timestamp = {2009.04.24}
}

@INPROCEEDINGS{Garcia2009:badsmell,
  author = {Garcia, Joshua and Popescu, Daniel and Edwards, George and Medvidovic,
	Nenad},
  title = {Identifying Architectural Bad Smells},
  booktitle = {CSMR '09: Proceedings of the 2009 European Conference on Software
	Maintenance and Reengineering},
  year = {2009},
  pages = {255--258},
  address = {Washington, DC, USA},
  publisher = {IEEE Computer Society},
  doi = {http://dx.doi.org/10.1109/CSMR.2009.59},
  isbn = {978-0-7695-3589-0}
}

@INPROCEEDINGS{Higo2004,
  author = {Yoshiki Higo and Toshihiro Kamiya and Shinji Kusumoto and Katsuro
	Inoue},
  title = {Refactoring Support Based on Code Clone Analysis},
  booktitle = {PROFES '04: Proceedings of 5th International Conference on Product
	Focused Software Process Improvement, Kausai Science City, Japan,
	April 5-8, 2004},
  year = {2004},
  pages = {220-233},
  bibsource = {DBLP, http://dblp.uni-trier.de},
  ee = {http://springerlink.metapress.com/openurl.asp?genre=article{\&}issn=0302-9743{\&}volume=3009{\&}spage=220},
  owner = {miryung},
  timestamp = {2009.04.24}
}

@PHDTHESIS{Kim2008:dissertation,
  author = {Miryung Kim},
  title = {Analyzing and Inferring the Structure of Code Changes},
  school = {University of Washington},
  year = {2008},
  owner = {miryung},
  timestamp = {2009.07.01}
}

@INPROCEEDINGS{Kim2007,
  author = {Miryung Kim and David Notkin and Dan Grossman},
  title = {Automatic Inference of Structural Changes for Matching across Program
	Versions},
  booktitle = {ICSE '07: Proceedings of the 29th International Conference on Software
	Engineering},
  year = {2007},
  pages = {333--343},
  address = {Washington, DC, USA},
  publisher = {IEEE Computer Society},
  doi = {http://dx.doi.org/10.1109/ICSE.2007.20},
  isbn = {0-7695-2828-7},
  owner = {miryung},
  timestamp = {2009.04.24}
}

@INPROCEEDINGS{Komondoor2003,
  author = {Raghavan Komondoor and Susan Horwitz},
  title = {Effective, Automatic Procedure Extraction},
  booktitle = {IWPC '03: Proceedings of the 11th IEEE International Workshop on
	Program Comprehension},
  year = {2003},
  pages = {33},
  address = {Washington, DC, USA},
  publisher = {IEEE Computer Society},
  isbn = {0-7695-1883-4},
  owner = {miryung},
  timestamp = {2009.04.24}
}

@INPROCEEDINGS{Moha2009:designdefect,
  author = {Naouel Moha and Yann-Gaël Guéhéneuc and Anne-Françoise Le Meur and
	Laurence Duchien},
  title = {A Domain Analysis to Specify Design Defects and Generate Detection
	Algorithms.},
  booktitle = {FASE},
  year = {2008},
  editor = {José Luiz Fiadeiro and Paola Inverardi},
  volume = {4961},
  series = {Lecture Notes in Computer Science},
  pages = {276-291},
  publisher = {Springer},
  date = {2008-04-21},
  ee = {http://dx.doi.org/10.1007/978-3-540-78743-3_20},
  interhash = {6bb7e6f655a7572348711be04aecf819},
  intrahash = {9ac316c78a0d2a89ba61f90cae08a41a},
  isbn = {978-3-540-78742-6},
  url = {http://dblp.uni-trier.de/db/conf/fase/fase2008.html#MohaGMD08}
}

@MASTERSTHESIS{KONI01,
  author = {G. G. Koni-N'-Sapu},
  title = {A Scenario based approach for refactoring duplicated code in object-oriented
	systems},
  school = {University of Bern},
  year = {2001}
}

@INPROCEEDINGS{Tsantalis2008:jdeodorant,
  author = {Tsantalis, Nikolaos and Chaikalis, Theodoros and Chatzigeorgiou,
	Alexander},
  title = {JDeodorant: Identification and Removal of Type-Checking Bad Smells},
  booktitle = {CSMR '08: Proceedings of the 2008 12th European Conference on Software
	Maintenance and Reengineering},
  year = {2008},
  pages = {329--331},
  address = {Washington, DC, USA},
  publisher = {IEEE Computer Society},
  doi = {http://dx.doi.org/10.1109/CSMR.2008.4493342},
  isbn = {978-1-4244-2157-2}
}

@INPROCEEDINGS{Tsantalis2009:extractmethod,
  author = {Tsantalis, Nikolaos and Chatzigeorgiou, Alexander},
  title = {Identification of Extract Method Refactoring Opportunities},
  booktitle = {CSMR '09: Proceedings of the 2009 European Conference on Software
	Maintenance and Reengineering},
  year = {2009},
  pages = {119--128},
  address = {Washington, DC, USA},
  publisher = {IEEE Computer Society},
  doi = {http://dx.doi.org/10.1109/CSMR.2009.23},
  isbn = {978-0-7695-3589-0}
}

@ARTICLE{Tsantalis2009:movemethod,
  author = {Tsantalis, Nikolaos and Chatzigeorgiou, Alexander},
  title = {Identification of Move Method Refactoring Opportunities},
  journal = {IEEE Trans. Softw. Eng.},
  year = {2009},
  volume = {35},
  pages = {347--367},
  number = {3},
  address = {Piscataway, NJ, USA},
  doi = {http://dx.doi.org/10.1109/TSE.2009.1},
  issn = {0098-5589},
  publisher = {IEEE Press}
}

@INPROCEEDINGS{Weissgerber2006,
  author = {Peter Weissgerber and Stephan Diehl},
  title = {Identifying Refactorings from Source-Code Changes},
  booktitle = {ASE '06: Proceedings of the 21st IEEE/ACM International Conference
	on Automated Software Engineering},
  year = {2006},
  pages = {231--240},
  address = {Washington, DC, USA},
  publisher = {IEEE Computer Society},
  doi = {http://dx.doi.org/10.1109/ASE.2006.41},
  isbn = {0-7695-2579-2},
  owner = {miryung},
  timestamp = {2009.04.24}
}

@CONFERENCE{Wu2010:aura,
  author = {Wei Wu and Yann-Gaël Guéhéneuc and Giuliano Antoniol and Miryung
	Kim},
  title = {AURA: A Hybrid Approach to Identify Framework Evolution},
  booktitle = {International Conference on Software Engineering},
  year = {2010},
  owner = {miryung},
  timestamp = {2010.03.01}
}

@INPROCEEDINGS{Xing2005,
  author = {Zhenchang Xing and Eleni Stroulia},
  title = {UMLDiff: an algorithm for object-oriented design differencing},
  booktitle = {ASE '05: Proceedings of the 20th IEEE/ACM International Conference
	on Automated Software Engineering},
  year = {2005},
  pages = {54--65},
  address = {New York, NY, USA},
  publisher = {ACM},
  doi = {http://doi.acm.org/10.1145/1101908.1101919},
  isbn = {1-59593-993-4},
  location = {Long Beach, CA, USA},
  owner = {miryung},
  timestamp = {2009.04.24}
}

@ARTICLE{Zou2005,
  author = {Lijie Zou and Michael W. Godfrey},
  title = {Using Origin Analysis to Detect Merging and Splitting of Source Code
	Entities},
  journal = {IEEE Transactions on Software Engineering},
  year = {2005},
  volume = {31},
  pages = {166--181},
  number = {2},
  address = {Piscataway, NJ, USA},
  doi = {http://dx.doi.org/10.1109/TSE.2005.28},
  issn = {0098-5589},
  owner = {miryung},
  publisher = {IEEE Press},
  timestamp = {2008.05.15}
}

@comment{jabref-meta: selector_journal:}

@comment{jabref-meta: selector_author:}

@comment{jabref-meta: selector_keywords:}

@comment{jabref-meta: selector_publisher:}

