%% This BibTeX bibliography file was created using BibDesk.
%% http://bibdesk.sourceforge.net/

%% Created for Na Meng at 2017-07-13 14:05:32 -0400 


%% Saved with string encoding Unicode (UTF-8) 



@article{Bottoni2003:coordinatedTransformation,
	Author = {Paolo Bottoni and Francesco Parisi-Presicce and Gabriele Taentzer},
	Date-Added = {2017-07-13 18:04:47 +0000},
	Date-Modified = {2017-07-13 18:05:32 +0000},
	Doi = {http://dx.doi.org/10.1016/S1571-0661(04)80626-1},
	Issn = {1571-0661},
	Journal = {Electronic Notes in Theoretical Computer Science},
	Note = {Workshop on Software Evolution Through Transformations - Toward Uniform Support Throughout the Software Life-Cycle (First International Conference on Graph Transformation)},
	Number = {4},
	Pages = {59 - 70},
	Title = {Coordinated Distributed Diagram Transformation for Software Evolution},
	Url = {http://www.sciencedirect.com/science/article/pii/S1571066104806261},
	Volume = {72},
	Year = {2003},
	Bdsk-Url-1 = {http://www.sciencedirect.com/science/article/pii/S1571066104806261},
	Bdsk-Url-2 = {http://dx.doi.org/10.1016/S1571-0661(04)80626-1}}

@inproceedings{Straeten2003:UML,
	Added-At = {2007-04-16T17:00:18.000+0200},
	Author = {Straeten, Ragnhild Van Der and Mens, Tom and Simmonds, Jocelyn and Jonckers, Viviane},
	Biburl = {https://www.bibsonomy.org/bibtex/26f0210485945d9bb1c3dda7cfd28089c/fparreiras},
	Booktitle = {UML 2003 ? The Unified Modeling Language},
	Editor = {Stevens, Perdita and Whittle, Jon and Booch, Grady},
	Interhash = {273ea5b2285e1e3b1a8bdf2b0b9c7d71},
	Intrahash = {6f0210485945d9bb1c3dda7cfd28089c},
	Keywords = {consistency dl evolution reasoning refactoring uml},
	Pages = {326--340},
	Publisher = {Springer},
	Series = {Lecture Notes in Computer Science},
	Timestamp = {2007-04-16T17:00:18.000+0200},
	Title = {Using Description Logic to Maintain Consistency between UML Models},
	Url = {http://fparreiras/papers/UsingDLConsistencyUmlModels.pdf},
	Volume = 2863,
	Year = 2003,
	Bdsk-Url-1 = {http://fparreiras/papers/UsingDLConsistencyUmlModels.pdf}}

@inproceedings{Tahvildari2003:MAE,
	Acmid = {873605},
	Address = {Washington, DC, USA},
	Author = {Tahvildari, Ladan and Kontogiannis, Kostas},
	Booktitle = {Proceedings of the Seventh European Conference on Software Maintenance and Reengineering},
	Isbn = {0-7695-1902-4},
	Pages = {183--},
	Publisher = {IEEE Computer Society},
	Series = {CSMR '03},
	Title = {A Metric-Based Approach to Enhance Design Quality Through Meta-pattern Transformations},
	Url = {http://dl.acm.org/citation.cfm?id=872754.873605},
	Year = {2003},
	Bdsk-Url-1 = {http://dl.acm.org/citation.cfm?id=872754.873605}}

@inproceedings{Tahvildari2002:softgoal,
	Author = {L. Tahvildari and K. Kontogiannis},
	Booktitle = {Ninth Working Conference on Reverse Engineering, 2002. Proceedings.},
	Doi = {10.1109/WCRE.2002.1173066},
	Issn = {1095-1350},
	Keywords = {object-oriented methods;object-oriented programming;reverse engineering;software maintenance;systems re-engineering;GNU AVL Library;design patterns;evolution problems;ill-structured object-oriented system;legacy object-oriented systems;maintainability soft-goal graph;maintenance mismanagement;nonfunctional quality requirements;object orientation;re-engineering framework;soft-goal dependency graphs;source code transformations;Computer architecture;Computer industry;Computer languages;Laboratories;Object oriented modeling;Reverse engineering;Scholarships;Software architecture;Software libraries;Surges},
	Pages = {77-86},
	Title = {A methodology for developing transformations using the maintainability soft-goal graph},
	Year = {2002},
	Bdsk-Url-1 = {http://dx.doi.org/10.1109/WCRE.2002.1173066}}

@inproceedings{Kataoka2002:evaluateRefactor,
	Author = {Y. Kataoka and T. Imai and H. Andou and T. Fukaya},
	Booktitle = {International Conference on Software Maintenance, 2002. Proceedings.},
	Doi = {10.1109/ICSM.2002.1167822},
	Issn = {1063-6773},
	Keywords = {software maintenance;software metrics;coupling metrics;maintainability enhancement;program refactoring;quantitative evaluation;Computer bugs;Laboratories;Maintenance engineering;Performance analysis;Process planning;Programming profession;Project management;Software design;Software maintenance;Systems engineering and theory},
	Pages = {576-585},
	Title = {A quantitative evaluation of maintainability enhancement by refactoring},
	Year = {2002},
	Bdsk-Url-1 = {http://dx.doi.org/10.1109/ICSM.2002.1167822}}

@inproceedings{Silva2016:WWR,
	Acmid = {2950305},
	Address = {New York, NY, USA},
	Author = {Silva, Danilo and Tsantalis, Nikolaos and Valente, Marco Tulio},
	Booktitle = {Proceedings of the 2016 24th ACM SIGSOFT International Symposium on Foundations of Software Engineering},
	Doi = {10.1145/2950290.2950305},
	Isbn = {978-1-4503-4218-6},
	Keywords = {GitHub, Refactoring, code smells, software evolution},
	Location = {Seattle, WA, USA},
	Numpages = {13},
	Pages = {858--870},
	Publisher = {ACM},
	Series = {FSE 2016},
	Title = {Why We Refactor? Confessions of GitHub Contributors},
	Url = {http://doi.acm.org/10.1145/2950290.2950305},
	Year = {2016},
	Bdsk-Url-1 = {http://doi.acm.org/10.1145/2950290.2950305},
	Bdsk-Url-2 = {http://dx.doi.org/10.1145/2950290.2950305}}

@inproceedings{Vailian2012:misuse,
	Author = {M. Vakilian and N. Chen and S. Negara and B. A. Rajkumar and B. P. Bailey and R. E. Johnson},
	Booktitle = {2012 34th International Conference on Software Engineering (ICSE)},
	Doi = {10.1109/ICSE.2012.6227190},
	Issn = {0270-5257},
	Keywords = {software maintenance;software tools;awareness;behavioral data;interaction data;invocation method;lightweight methods;naming;predictability;predictable automated refactorings;refactoring tools;trust;Context;Educational institutions;Interviews;Programming;Reliability;Software;User interfaces;Human computer interaction;Human factors;Programming environments;Software engineering;Software maintenance;User interfaces},
	Month = {June},
	Pages = {233-243},
	Title = {Use, disuse, and misuse of automated refactorings},
	Year = {2012},
	Bdsk-Url-1 = {http://dx.doi.org/10.1109/ICSE.2012.6227190}}

@article{Murphy-Hill2012:refactor,
	Author = {E. Murphy-Hill and C. Parnin and A. P. Black},
	Doi = {10.1109/TSE.2011.41},
	Issn = {0098-5589},
	Journal = {IEEE Transactions on Software Engineering},
	Keywords = {software maintenance;software tools;Eclipse developers;Mylyn developers;randomly sampled code;refactoring tools;research and development;Java;Refactoring;Software tools;Refactoring;floss refactoring;refactoring tools;root-canal refactoring.},
	Month = {Jan},
	Number = {1},
	Pages = {5-18},
	Title = {How We Refactor, and How We Know It},
	Volume = {38},
	Year = {2012},
	Bdsk-Url-1 = {http://dx.doi.org/10.1109/TSE.2011.41}}

@inproceedings{Kim2012:FSR,
	Acmid = {2393655},
	Address = {New York, NY, USA},
	Articleno = {50},
	Author = {Kim, Miryung and Zimmermann, Thomas and Nagappan, Nachiappan},
	Booktitle = {Proceedings of the ACM SIGSOFT 20th International Symposium on the Foundations of Software Engineering},
	Doi = {10.1145/2393596.2393655},
	Isbn = {978-1-4503-1614-9},
	Keywords = {churn, component dependencies, defects, empirical study, refactoring, software evolution},
	Location = {Cary, North Carolina},
	Numpages = {11},
	Pages = {50:1--50:11},
	Publisher = {ACM},
	Series = {FSE '12},
	Title = {A Field Study of Refactoring Challenges and Benefits},
	Url = {http://doi.acm.org/10.1145/2393596.2393655},
	Year = {2012},
	Bdsk-Url-1 = {http://doi.acm.org/10.1145/2393596.2393655},
	Bdsk-Url-2 = {http://dx.doi.org/10.1145/2393596.2393655}}

@phdthesis{Opdyke1992:ROF,
	Address = {Champaign, IL, USA},
	Author = {Opdyke, William F.},
	Note = {UMI Order No. GAX93-05645},
	Publisher = {University of Illinois at Urbana-Champaign},
	Title = {Refactoring Object-oriented Frameworks},
	Year = {1992}}

@inproceedings{Wang2014:recommendClones,
	Author = {W. Wang and M. W. Godfrey},
	Booktitle = {2014 IEEE International Conference on Software Maintenance and Evolution},
	Doi = {10.1109/ICSME.2014.55},
	Issn = {1063-6773},
	Keywords = {decision trees;pattern classification;software maintenance;clone detection;clone instance context;clone instance history;clone management;clone refactoring instances;code cloning;decision tree-based classifier;open source projects;resource allocation;source code;Cloning;Context;Detectors;Feature extraction;History;Software systems;Clone Management;Code Refactoring;Software Clones;Software Recommendation System},
	Month = {Sept},
	Pages = {331-340},
	Title = {Recommending Clones for Refactoring Using Design, Context, and History},
	Year = {2014},
	Bdsk-Url-1 = {http://dx.doi.org/10.1109/ICSME.2014.55}}

@inproceedings{Meng2015:ARO,
	Acmid = {2818804},
	Address = {Piscataway, NJ, USA},
	Author = {Meng, Na and Hua, Lisa and Kim, Miryung and McKinley, Kathryn S.},
	Booktitle = {Proceedings of the 37th International Conference on Software Engineering - Volume 1},
	Isbn = {978-1-4799-1934-5},
	Location = {Florence, Italy},
	Numpages = {11},
	Pages = {392--402},
	Publisher = {IEEE Press},
	Series = {ICSE '15},
	Title = {Does Automated Refactoring Obviate Systematic Editing?},
	Url = {http://dl.acm.org/citation.cfm?id=2818754.2818804},
	Year = {2015},
	Bdsk-Url-1 = {http://dl.acm.org/citation.cfm?id=2818754.2818804}}

@inproceedings{Tsantalis2011:rankRefactoring,
	Author = {N. Tsantalis and A. Chatzigeorgiou},
	Booktitle = {2011 15th European Conference on Software Maintenance and Reengineering},
	Doi = {10.1109/CSMR.2011.7},
	Issn = {1534-5351},
	Keywords = {object-oriented methods;risk management;software maintenance;source coding;stock markets;code fragments;design flaw detection;financial markets;historical volatility model;object-oriented system design;refactoring suggestion ranking;risk forecasting;smell detection Eclipse plug-in;source code version;Context;Forecasting;Maintenance engineering;Object oriented modeling;Predictive models;Smoothing methods;Software;code smell;forecasting models;historical volatility;refactoring;software history;software repositories},
	Month = {March},
	Pages = {25-34},
	Title = {Ranking Refactoring Suggestions Based on Historical Volatility},
	Year = {2011},
	Bdsk-Url-1 = {http://dx.doi.org/10.1109/CSMR.2011.7}}

@article{Higo2008:metricrefactoring,
	Added-At = {2009-05-08T00:00:00.000+0200},
	Author = {Higo, Yoshiki and Kusumoto, Shinji and Inoue, Katsuro},
	Biburl = {https://www.bibsonomy.org/bibtex/2e425aa7f0f8dafce6451909f5cc05b23/dblp},
	Date = {2009-05-08},
	Description = {dblp},
	Ee = {http://dx.doi.org/10.1002/smr.394},
	Interhash = {368641de47cce6c2a0635885e89d82df},
	Intrahash = {e425aa7f0f8dafce6451909f5cc05b23},
	Journal = {Journal of Software Maintenance},
	Keywords = {dblp},
	Number = 6,
	Pages = {435-461},
	Timestamp = {2009-05-09T11:41:48.000+0200},
	Title = {A metric-based approach to identifying refactoring opportunities for merging code clones in a Java software system.},
	Url = {http://dblp.uni-trier.de/db/journals/smr/smr20.html#HigoKI08},
	Volume = 20,
	Year = 2008,
	Bdsk-Url-1 = {http://dblp.uni-trier.de/db/journals/smr/smr20.html#HigoKI08}}

@inproceedings{Kataoka2001:ASP,
	Acmid = {848644},
	Address = {Washington, DC, USA},
	Author = {Kataoka, Yoshio and Notkin, David and Ernst, Michael D. and Griswold, William G.},
	Booktitle = {Proceedings of the IEEE International Conference on Software Maintenance (ICSM'01)},
	Doi = {10.1109/ICSM.2001.972794},
	Isbn = {0-7695-1189-9},
	Keywords = {program understanding, refactoring, invariant, readability, maintainability, static analysis, dynamic analysis},
	Pages = {736--},
	Publisher = {IEEE Computer Society},
	Series = {ICSM '01},
	Title = {Automated Support for Program Refactoring Using Invariants},
	Url = {http://dx.doi.org/10.1109/ICSM.2001.972794},
	Year = {2001},
	Bdsk-Url-1 = {http://dx.doi.org/10.1109/ICSM.2001.972794}}

@inproceedings{Balazinska2000:ACA,
	Author = {M. Balazinska and E. Merlo and M. Dagenais and B. Lague and K. Kontogiannis},
	Booktitle = {Proceedings Seventh Working Conference on Reverse Engineering},
	Doi = {10.1109/WCRE.2000.891457},
	Issn = {1095-1350},
	Keywords = {object-oriented programming;reverse engineering;software maintenance;software reusability;JDK;clone analysis;functionality reuse;large scale system;object-oriented system refactoring;programming language;reverse engineering;software maintenance;source code copy;system redesign;Cloning;Computer languages;Electronic mail;Information analysis;Large-scale systems;Programming profession;Software libraries;Software systems},
	Pages = {98-107},
	Title = {Advanced clone-analysis to support object-oriented system refactoring},
	Year = {2000},
	Bdsk-Url-1 = {http://dx.doi.org/10.1109/WCRE.2000.891457}}

@article{Mens2004:SSR,
	Acmid = {972286},
	Address = {Piscataway, NJ, USA},
	Author = {Mens, Tom and Tourw{\'e}, Tom},
	Doi = {10.1109/TSE.2004.1265817},
	Issn = {0098-5589},
	Issue_Date = {February 2004},
	Journal = {IEEE Trans. Softw. Eng.},
	Keywords = {Coding tools and techniques, programming environments/construction tools, restructuring, reverse engineering, and reengineering.},
	Month = feb,
	Number = {2},
	Numpages = {14},
	Pages = {126--139},
	Publisher = {IEEE Press},
	Title = {A Survey of Software Refactoring},
	Url = {http://dx.doi.org/10.1109/TSE.2004.1265817},
	Volume = {30},
	Year = {2004},
	Bdsk-Url-1 = {http://dx.doi.org/10.1109/TSE.2004.1265817}}

@book{Fowler1999:refactoring,
	Author = {Fowler, Martin and Beck, Kent},
	Publisher = {Addison-Wesley Professional},
	Title = {Refactoring: improving the design of existing code},
	Year = {1999}}

@misc{aspectj,
	Date-Added = {2017-07-12 22:48:08 +0000},
	Date-Modified = {2017-07-12 22:48:22 +0000},
	Howpublished = {\url{https://eclipse.org/aspectj/}},
	Title = {{The AspectJ Project}}}

@misc{javassist,
	Date-Added = {2017-07-12 22:47:28 +0000},
	Date-Modified = {2017-07-12 22:47:43 +0000},
	Howpublished = {\url{http://jboss-javassist.github.io/javassist/}},
	Title = {Javassist}}

@misc{asm,
	Date-Added = {2017-07-12 22:46:58 +0000},
	Date-Modified = {2017-07-12 22:47:10 +0000},
	Howpublished = {\url{http://asm.ow2.org}},
	Title = {{ASM}}}

@inbook{Kiczales1997,
	Abstract = {We have found many programming problems for which neither procedural nor object-oriented programming techniques are sufficient to clearly capture some of the important design decisions the program must implement. This forces the implementation of those design decisions to be scattered throughout the code, resulting in ``tangled'' code that is excessively difficult to develop and maintain. We present an analysis of why certain design decisions have been so difficult to clearly capture in actual code. We call the properties these decisions address aspects, and show that the reason they have been hard to capture is that they cross-cut the system's basic functionality. We present the basis for a new programming technique, called aspect-oriented programming, that makes it possible to clearly express programs involving such aspects, including appropriate isolation, composition and reuse of the aspect code. The discussion is rooted in systems we have built using aspect-oriented programming.},
	Address = {Berlin, Heidelberg},
	Author = {Kiczales, Gregor and Lamping, John and Mendhekar, Anurag and Maeda, Chris and Lopes, Cristina and Loingtier, Jean-Marc and Irwin, John},
	Booktitle = {ECOOP'97 --- Object-Oriented Programming: 11th European Conference Jyv{\"a}skyl{\"a}, Finland, June 9--13, 1997 Proceedings},
	Date-Added = {2017-07-12 22:26:25 +0000},
	Date-Modified = {2017-07-12 22:26:25 +0000},
	Doi = {10.1007/BFb0053381},
	Editor = {Ak{\c{s}}it, Mehmet and Matsuoka, Satoshi},
	Isbn = {978-3-540-69127-3},
	Pages = {220--242},
	Publisher = {Springer Berlin Heidelberg},
	Title = {Aspect-oriented programming},
	Url = {http://dx.doi.org/10.1007/BFb0053381},
	Year = {1997},
	Bdsk-Url-1 = {http://dx.doi.org/10.1007/BFb0053381}}

@inproceedings{Kiczales2001:OA,
	Acmid = {680006},
	Address = {London, UK, UK},
	Author = {Kiczales, Gregor and Hilsdale, Erik and Hugunin, Jim and Kersten, Mik and Palm, Jeffrey and Griswold, William G.},
	Booktitle = {Proceedings of the 15th European Conference on Object-Oriented Programming},
	Isbn = {3-540-42206-4},
	Numpages = {27},
	Pages = {327--353},
	Publisher = {Springer-Verlag},
	Series = {ECOOP '01},
	Title = {An Overview of AspectJ},
	Url = {http://dl.acm.org/citation.cfm?id=646158.680006},
	Year = {2001},
	Bdsk-Url-1 = {http://dl.acm.org/citation.cfm?id=646158.680006}}

@proceedings{Lammel2013:fop,
	Added-At = {2013-02-01T00:00:00.000+0100},
	Biburl = {https://www.bibsonomy.org/bibtex/23babbea7fcdc1451c4e6a3ff3c848f70/dblp},
	Booktitle = {GTTSE},
	Editor = {Lammel, Ralf and Saraiva, Joao and Visser, Joost},
	Ee = {http://dx.doi.org/10.1007/978-3-642-35992-7},
	Interhash = {e35fa28007d194392f012864e4c2e6e5},
	Intrahash = {3babbea7fcdc1451c4e6a3ff3c848f70},
	Isbn = {978-3-642-35992-7},
	Keywords = {dblp},
	Publisher = {Springer},
	Series = {Lecture Notes in Computer Science},
	Timestamp = {2013-02-05T11:38:10.000+0100},
	Title = {Generative and Transformational Techniques in Software Engineering IV, International Summer School, GTTSE 2011, Braga, Portugal, July 3-9, 2011. Revised Papers},
	Url = {http://dblp.uni-trier.de/db/conf/gttse/gttse2011.html},
	Volume = 7680,
	Year = 2013,
	Bdsk-Url-1 = {http://dblp.uni-trier.de/db/conf/gttse/gttse2011.html}}

@article{Batory1992:DIH,
	Acmid = {136587},
	Address = {New York, NY, USA},
	Author = {Batory, Don and O'Malley, Sean},
	Doi = {10.1145/136586.136587},
	Issn = {1049-331X},
	Issue_Date = {Oct. 1992},
	Journal = {ACM Trans. Softw. Eng. Methodol.},
	Keywords = {domain modeling, open system architectures, reuse, software building-blocks, software design},
	Month = oct,
	Number = {4},
	Numpages = {44},
	Pages = {355--398},
	Publisher = {ACM},
	Title = {The Design and Implementation of Hierarchical Software Systems with Reusable Components},
	Url = {http://doi.acm.org/10.1145/136586.136587},
	Volume = {1},
	Year = {1992},
	Bdsk-Url-1 = {http://doi.acm.org/10.1145/136586.136587},
	Bdsk-Url-2 = {http://dx.doi.org/10.1145/136586.136587}}

@misc{txltour,
	Date-Added = {2017-07-12 21:07:59 +0000},
	Date-Modified = {2017-07-12 21:08:26 +0000},
	Howpublished = {\url{https://www.txl.ca/tour/tour1.html}},
	Title = {{The Guided Tour of TXL}}}

@inproceedings{Zhong2009:MMR,
	Acmid = {1615205},
	Address = {Berlin, Heidelberg},
	Author = {Zhong, Hao and Xie, Tao and Zhang, Lu and Pei, Jian and Mei, Hong},
	Booktitle = {Proceedings of the 23rd European Conference on ECOOP 2009 --- Object-Oriented Programming},
	Doi = {10.1007/978-3-642-03013-0_15},
	Isbn = {978-3-642-03012-3},
	Location = {Italy},
	Numpages = {26},
	Pages = {318--343},
	Publisher = {Springer-Verlag},
	Series = {Genoa},
	Title = {MAPO: Mining and Recommending API Usage Patterns},
	Url = {http://dx.doi.org/10.1007/978-3-642-03013-0_15},
	Year = {2009},
	Bdsk-Url-1 = {http://dx.doi.org/10.1007/978-3-642-03013-0_15}}

@inproceedings{Schafer2008:MFU,
	Acmid = {1368153},
	Address = {New York, NY, USA},
	Author = {Sch\"{a}fer, Thorsten and Jonas, Jan and Mezini, Mira},
	Booktitle = {Proceedings of the 30th International Conference on Software Engineering},
	Doi = {10.1145/1368088.1368153},
	Isbn = {978-1-60558-079-1},
	Keywords = {evolution, framework comprehension, migration},
	Location = {Leipzig, Germany},
	Numpages = {10},
	Pages = {471--480},
	Publisher = {ACM},
	Series = {ICSE '08},
	Title = {Mining Framework Usage Changes from Instantiation Code},
	Url = {http://doi.acm.org/10.1145/1368088.1368153},
	Year = {2008},
	Bdsk-Url-1 = {http://doi.acm.org/10.1145/1368088.1368153},
	Bdsk-Url-2 = {http://dx.doi.org/10.1145/1368088.1368153}}

@inproceedings{Nguyen2010:GAA,
	Acmid = {1869486},
	Address = {New York, NY, USA},
	Author = {Nguyen, Hoan Anh and Nguyen, Tung Thanh and Wilson,Jr., Gary and Nguyen, Anh Tuan and Kim, Miryung and Nguyen, Tien N.},
	Booktitle = {Proceedings of the ACM International Conference on Object Oriented Programming Systems Languages and Applications},
	Doi = {10.1145/1869459.1869486},
	Isbn = {978-1-4503-0203-6},
	Keywords = {API evolution, API usage adaptation, API usage model, program differencing, software evolution},
	Location = {Reno/Tahoe, Nevada, USA},
	Numpages = {20},
	Pages = {302--321},
	Publisher = {ACM},
	Series = {OOPSLA '10},
	Title = {A Graph-based Approach to API Usage Adaptation},
	Url = {http://doi.acm.org/10.1145/1869459.1869486},
	Year = {2010},
	Bdsk-Url-1 = {http://doi.acm.org/10.1145/1869459.1869486},
	Bdsk-Url-2 = {http://dx.doi.org/10.1145/1869459.1869486}}

@inproceedings{Wu2010:AHA,
	Acmid = {1806848},
	Address = {New York, NY, USA},
	Author = {Wu, Wei and Gu{\'e}h{\'e}neuc, Yann-Ga\"{e}l and Antoniol, Giuliano and Kim, Miryung},
	Booktitle = {Proceedings of the 32Nd ACM/IEEE International Conference on Software Engineering - Volume 1},
	Doi = {10.1145/1806799.1806848},
	Isbn = {978-1-60558-719-6},
	Location = {Cape Town, South Africa},
	Numpages = {10},
	Pages = {325--334},
	Publisher = {ACM},
	Series = {ICSE '10},
	Title = {AURA: A Hybrid Approach to Identify Framework Evolution},
	Url = {http://doi.acm.org/10.1145/1806799.1806848},
	Year = {2010},
	Bdsk-Url-1 = {http://doi.acm.org/10.1145/1806799.1806848},
	Bdsk-Url-2 = {http://dx.doi.org/10.1145/1806799.1806848}}

@inproceedings{Dagenais2008:RAC,
	Acmid = {1368154},
	Address = {New York, NY, USA},
	Author = {Dagenais, Barth{\'e}l{\'e}my and Robillard, Martin P.},
	Booktitle = {Proceedings of the 30th International Conference on Software Engineering},
	Doi = {10.1145/1368088.1368154},
	Isbn = {978-1-60558-079-1},
	Keywords = {adaptive changes, framework, historical study, mining software repositories, origin analysis, partial program analysis, recommendation system, software evolution},
	Location = {Leipzig, Germany},
	Numpages = {10},
	Pages = {481--490},
	Publisher = {ACM},
	Series = {ICSE '08},
	Title = {Recommending Adaptive Changes for Framework Evolution},
	Url = {http://doi.acm.org/10.1145/1368088.1368154},
	Year = {2008},
	Bdsk-Url-1 = {http://doi.acm.org/10.1145/1368088.1368154},
	Bdsk-Url-2 = {http://dx.doi.org/10.1145/1368088.1368154}}

@misc{releasenote,
	Date-Added = {2017-07-12 19:40:51 +0000},
	Date-Modified = {2017-07-12 19:41:09 +0000},
	Howpublished = {\url{https://lucene.apache.org/core/4_1_0/changes/Changes.html#4.1.0.changes_in_backwards_compatibility_policy}},
	Title = {{Lucene Change Log}}}

@misc{lucene,
	Date-Added = {2017-07-12 19:10:54 +0000},
	Date-Modified = {2017-07-12 19:11:14 +0000},
	Howpublished = {\url{https://lucene.apache.org}},
	Title = {Apache Lucene}}

@inproceedings{Chou2001:ESO,
	Acmid = {502042},
	Address = {New York, NY, USA},
	Author = {Chou, Andy and Yang, Junfeng and Chelf, Benjamin and Hallem, Seth and Engler, Dawson},
	Booktitle = {Proceedings of the Eighteenth ACM Symposium on Operating Systems Principles},
	Doi = {10.1145/502034.502042},
	Isbn = {1-58113-389-8},
	Location = {Banff, Alberta, Canada},
	Numpages = {16},
	Pages = {73--88},
	Publisher = {ACM},
	Series = {SOSP '01},
	Title = {An Empirical Study of Operating Systems Errors},
	Url = {http://doi.acm.org/10.1145/502034.502042},
	Year = {2001},
	Bdsk-Url-1 = {http://doi.acm.org/10.1145/502034.502042},
	Bdsk-Url-2 = {http://dx.doi.org/10.1145/502034.502042}}

@article{Li2006:CPMiner,
	Author = {Z. Li and S. Lu and S. Myagmar and Y. Zhou},
	Doi = {10.1109/TSE.2006.28},
	Issn = {0098-5589},
	Journal = {IEEE Transactions on Software Engineering},
	Keywords = {data mining;operating systems (computers);program debugging;program diagnostics;software maintenance;software reusability;software tools;CP-Miner tool;FreeBSD;Linux;code duplication;code reuse;copy-paste bugs;data mining technique;debugging aids;large-scale software code;operating system code bugs;replicated code;static code analyzer;Cloning;Computer bugs;Data mining;Kernel;Large-scale systems;Linux;Operating systems;Performance analysis;Programming profession;Software performance;Software analysis;code duplication;code reuse;data mining.;debugging aids},
	Month = {March},
	Number = {3},
	Pages = {176-192},
	Title = {CP-Miner: finding copy-paste and related bugs in large-scale software code},
	Volume = {32},
	Year = {2006},
	Bdsk-Url-1 = {http://dx.doi.org/10.1109/TSE.2006.28}}

@inproceedings{Pham2010:DRS,
	Acmid = {1859089},
	Address = {New York, NY, USA},
	Author = {Pham, Nam H. and Nguyen, Tung Thanh and Nguyen, Hoan Anh and Nguyen, Tien N.},
	Booktitle = {Proceedings of the IEEE/ACM International Conference on Automated Software Engineering},
	Doi = {10.1145/1858996.1859089},
	Isbn = {978-1-4503-0116-9},
	Keywords = {recurring vulnerabilities, software reuse, software security},
	Location = {Antwerp, Belgium},
	Numpages = {10},
	Pages = {447--456},
	Publisher = {ACM},
	Series = {ASE '10},
	Title = {Detection of Recurring Software Vulnerabilities},
	Url = {http://doi.acm.org/10.1145/1858996.1859089},
	Year = {2010},
	Bdsk-Url-1 = {http://doi.acm.org/10.1145/1858996.1859089},
	Bdsk-Url-2 = {http://dx.doi.org/10.1145/1858996.1859089}}

@article{Naik2006:ESR,
	Acmid = {1134018},
	Address = {New York, NY, USA},
	Author = {Naik, Mayur and Aiken, Alex and Whaley, John},
	Doi = {10.1145/1133255.1134018},
	Issn = {0362-1340},
	Issue_Date = {June 2006},
	Journal = {SIGPLAN Not.},
	Keywords = {Java, concurrency, multi-threading, static race detection, synchronization},
	Month = jun,
	Number = {6},
	Numpages = {12},
	Pages = {308--319},
	Publisher = {ACM},
	Title = {Effective Static Race Detection for Java},
	Url = {http://doi.acm.org/10.1145/1133255.1134018},
	Volume = {41},
	Year = {2006},
	Bdsk-Url-1 = {http://doi.acm.org/10.1145/1133255.1134018},
	Bdsk-Url-2 = {http://dx.doi.org/10.1145/1133255.1134018}}

@inproceedings{Hangal2002:TDS,
	Acmid = {581377},
	Address = {New York, NY, USA},
	Author = {Hangal, Sudheendra and Lam, Monica S.},
	Booktitle = {Proceedings of the 24th International Conference on Software Engineering},
	Doi = {10.1145/581339.581377},
	Isbn = {1-58113-472-X},
	Location = {Orlando, Florida},
	Numpages = {11},
	Pages = {291--301},
	Publisher = {ACM},
	Series = {ICSE '02},
	Title = {Tracking Down Software Bugs Using Automatic Anomaly Detection},
	Url = {http://doi.acm.org/10.1145/581339.581377},
	Year = {2002},
	Bdsk-Url-1 = {http://doi.acm.org/10.1145/581339.581377},
	Bdsk-Url-2 = {http://dx.doi.org/10.1145/581339.581377}}

@article{Bush2000:SAF,
	Acmid = {348428},
	Address = {New York, NY, USA},
	Author = {Bush, William R. and Pincus, Jonathan D. and Sielaff, David J.},
	Doi = {10.1002/(SICI)1097-024X(200006)30:7<775::AID-SPE309>3.0.CO;2-H},
	Issn = {0038-0644},
	Issue_Date = {June 2000},
	Journal = {Softw. Pract. Exper.},
	Keywords = {program analysis, program error checking},
	Month = jun,
	Number = {7},
	Numpages = {28},
	Pages = {775--802},
	Publisher = {John Wiley \& Sons, Inc.},
	Title = {A Static Analyzer for Finding Dynamic Programming Errors},
	Url = {http://dx.doi.org/10.1002/(SICI)1097-024X(200006)30:7<775::AID-SPE309>3.0.CO;2-H},
	Volume = {30},
	Year = {2000},
	Bdsk-Url-1 = {http://dx.doi.org/10.1002/(SICI)1097-024X(200006)30:7%3C775::AID-SPE309%3E3.0.CO;2-H}}

@article{Hovemeyer2004:FBE,
	Acmid = {1052895},
	Address = {New York, NY, USA},
	Author = {Hovemeyer, David and Pugh, William},
	Doi = {10.1145/1052883.1052895},
	Issn = {0362-1340},
	Issue_Date = {December 2004},
	Journal = {SIGPLAN Not.},
	Month = dec,
	Number = {12},
	Numpages = {15},
	Pages = {92--106},
	Publisher = {ACM},
	Title = {Finding Bugs is Easy},
	Url = {http://doi.acm.org/10.1145/1052883.1052895},
	Volume = {39},
	Year = {2004},
	Bdsk-Url-1 = {http://doi.acm.org/10.1145/1052883.1052895},
	Bdsk-Url-2 = {http://dx.doi.org/10.1145/1052883.1052895}}

@inproceedings{Engler2000:CSR,
	Acmid = {1251230},
	Address = {Berkeley, CA, USA},
	Articleno = {1},
	Author = {Engler, Dawson and Chelf, Benjamin and Chou, Andy and Hallem, Seth},
	Booktitle = {Proceedings of the 4th Conference on Symposium on Operating System Design \& Implementation - Volume 4},
	Location = {San Diego, California},
	Publisher = {USENIX Association},
	Series = {OSDI'00},
	Title = {Checking System Rules Using System-specific, Programmer-written Compiler Extensions},
	Url = {http://dl.acm.org/citation.cfm?id=1251229.1251230},
	Year = {2000},
	Bdsk-Url-1 = {http://dl.acm.org/citation.cfm?id=1251229.1251230}}

@inproceedings{Kim2013:PAR,
	Author = {Dongsun Kim and Jaechange Nam and Jaewoo Song and Sunghun Kim},
	Booktitle = {IEEE/ACM International Conference on Software Engineering},
	Date-Added = {2017-07-12 17:19:46 +0000},
	Date-Modified = {2017-07-12 17:19:46 +0000},
	Owner = {miryung},
	Timestamp = {2013.02.06},
	Title = {Automatic Patch Generation Learned from Human-written Patches},
	Year = {2013}}

@inproceedings{Weimer2009:AFP,
	Acmid = {1555051},
	Address = {Washington, DC, USA},
	Author = {Weimer, Westley and Nguyen, ThanhVu and Le Goues, Claire and Forrest, Stephanie},
	Booktitle = {Proceedings of the 31st International Conference on Software Engineering},
	Doi = {10.1109/ICSE.2009.5070536},
	Isbn = {978-1-4244-3453-4},
	Numpages = {11},
	Pages = {364--374},
	Publisher = {IEEE Computer Society},
	Series = {ICSE '09},
	Title = {Automatically Finding Patches Using Genetic Programming},
	Url = {http://dx.doi.org/10.1109/ICSE.2009.5070536},
	Year = {2009},
	Bdsk-Url-1 = {http://dx.doi.org/10.1109/ICSE.2009.5070536}}

@misc{mozilla,
	Date-Added = {2017-07-12 15:52:31 +0000},
	Date-Modified = {2017-07-12 15:52:53 +0000},
	Howpublished = {\url{https://bugzilla.mozilla.org}},
	Title = {{Mozilla Bugzilla}}}

@misc{asf,
	Date-Added = {2017-07-12 15:51:43 +0000},
	Date-Modified = {2017-07-12 15:52:08 +0000},
	Howpublished = {\url{https://bz.apache.org/bugzilla/}},
	Title = {{ASF Bugzilla}}}

@article{Fenton2000:QAF,
	Acmid = {631250},
	Address = {Piscataway, NJ, USA},
	Author = {Fenton, Norman E. and Ohlsson, Niclas},
	Doi = {10.1109/32.879815},
	Issn = {0098-5589},
	Issue_Date = {August 2000},
	Journal = {IEEE Trans. Softw. Eng.},
	Keywords = {Software faults and failures, software metrics, empirical studies.},
	Month = aug,
	Number = {8},
	Numpages = {18},
	Pages = {797--814},
	Publisher = {IEEE Press},
	Title = {Quantitative Analysis of Faults and Failures in a Complex Software System},
	Url = {http://dx.doi.org/10.1109/32.879815},
	Volume = {26},
	Year = {2000},
	Bdsk-Url-1 = {http://dx.doi.org/10.1109/32.879815}}

@inproceedings{Nguyen2010:RBF,
	Acmid = {1806847},
	Address = {New York, NY, USA},
	Author = {Nguyen, Tung Thanh and Nguyen, Hoan Anh and Pham, Nam H. and Al-Kofahi, Jafar and Nguyen, Tien N.},
	Booktitle = {Proceedings of the 32Nd ACM/IEEE International Conference on Software Engineering - Volume 1},
	Doi = {10.1145/1806799.1806847},
	Isbn = {978-1-60558-719-6},
	Location = {Cape Town, South Africa},
	Numpages = {10},
	Pages = {315--324},
	Publisher = {ACM},
	Series = {ICSE '10},
	Title = {Recurring Bug Fixes in Object-oriented Programs},
	Url = {http://doi.acm.org/10.1145/1806799.1806847},
	Year = {2010},
	Bdsk-Url-1 = {http://doi.acm.org/10.1145/1806799.1806847},
	Bdsk-Url-2 = {http://dx.doi.org/10.1145/1806799.1806847}}

@inproceedings{Jin2012:UDR,
	Acmid = {2254075},
	Address = {New York, NY, USA},
	Author = {Jin, Guoliang and Song, Linhai and Shi, Xiaoming and Scherpelz, Joel and Lu, Shan},
	Booktitle = {Proceedings of the 33rd ACM SIGPLAN Conference on Programming Language Design and Implementation},
	Doi = {10.1145/2254064.2254075},
	Isbn = {978-1-4503-1205-9},
	Keywords = {characteristics study, performance bugs, rule-based bug detection},
	Location = {Beijing, China},
	Numpages = {12},
	Pages = {77--88},
	Publisher = {ACM},
	Series = {PLDI '12},
	Title = {Understanding and Detecting Real-world Performance Bugs},
	Url = {http://doi.acm.org/10.1145/2254064.2254075},
	Year = {2012},
	Bdsk-Url-1 = {http://doi.acm.org/10.1145/2254064.2254075},
	Bdsk-Url-2 = {http://dx.doi.org/10.1145/2254064.2254075}}

@inproceedings{Kim2006:MBF,
	Acmid = {1181781},
	Address = {New York, NY, USA},
	Author = {Kim, Sunghun and Pan, Kai and Whitehead,Jr., E. E. James},
	Booktitle = {Proceedings of the 14th ACM SIGSOFT International Symposium on Foundations of Software Engineering},
	Doi = {10.1145/1181775.1181781},
	Isbn = {1-59593-468-5},
	Keywords = {bug, bug finding tool, fault, fix, patterns, prediction},
	Location = {Portland, Oregon, USA},
	Numpages = {11},
	Pages = {35--45},
	Publisher = {ACM},
	Series = {SIGSOFT '06/FSE-14},
	Title = {Memories of Bug Fixes},
	Url = {http://doi.acm.org/10.1145/1181775.1181781},
	Year = {2006},
	Bdsk-Url-1 = {http://doi.acm.org/10.1145/1181775.1181781},
	Bdsk-Url-2 = {http://dx.doi.org/10.1145/1181775.1181781}}

@inproceedings{Yin2011:FBB,
	Acmid = {2025121},
	Address = {New York, NY, USA},
	Author = {Yin, Zuoning and Yuan, Ding and Zhou, Yuanyuan and Pasupathy, Shankar and Bairavasundaram, Lakshmi},
	Booktitle = {Proceedings of the 19th ACM SIGSOFT Symposium and the 13th European Conference on Foundations of Software Engineering},
	Doi = {10.1145/2025113.2025121},
	Isbn = {978-1-4503-0443-6},
	Keywords = {bug fixing, human factor, incorrect fixes, software bugs, testing},
	Location = {Szeged, Hungary},
	Numpages = {11},
	Pages = {26--36},
	Publisher = {ACM},
	Series = {ESEC/FSE '11},
	Title = {How Do Fixes Become Bugs?},
	Url = {http://doi.acm.org/10.1145/2025113.2025121},
	Year = {2011},
	Bdsk-Url-1 = {http://doi.acm.org/10.1145/2025113.2025121},
	Bdsk-Url-2 = {http://dx.doi.org/10.1145/2025113.2025121}}

@inproceedings{Zhong2015:ESR,
	Acmid = {2818864},
	Address = {Piscataway, NJ, USA},
	Author = {Zhong, Hao and Su, Zhendong},
	Booktitle = {Proceedings of the 37th International Conference on Software Engineering - Volume 1},
	Isbn = {978-1-4799-1934-5},
	Location = {Florence, Italy},
	Numpages = {11},
	Pages = {913--923},
	Publisher = {IEEE Press},
	Series = {ICSE '15},
	Title = {An Empirical Study on Real Bug Fixes},
	Url = {http://dl.acm.org/citation.cfm?id=2818754.2818864},
	Year = {2015},
	Bdsk-Url-1 = {http://dl.acm.org/citation.cfm?id=2818754.2818864}}

@inproceedings{Park2012:supplementary,
	Author = {J. Park and M. Kim and B. Ray and D. H. Bae},
	Booktitle = {2012 9th IEEE Working Conference on Mining Software Repositories (MSR)},
	Doi = {10.1109/MSR.2012.6224298},
	Issn = {2160-1852},
	Keywords = {inspection;program debugging;project management;public domain software;recommender systems;software maintenance;Eclipse JDT core;Eclipse SWT;Mozilla;change recommendation system;code clone analysis;conditional statement handling;manual inspection;omission error detection;omission error prevention approach;open source project;software development;supplementary bug fixes;supplementary patch;Cloning;Computer bugs;Databases;Dispersion;Entropy;History;Manuals;bug fixes;empirical study;patches;software evolution},
	Month = {June},
	Pages = {40-49},
	Title = {An empirical study of supplementary bug fixes},
	Year = {2012},
	Bdsk-Url-1 = {http://dx.doi.org/10.1109/MSR.2012.6224298}}

@inproceedings{Lu2008:LMC,
	Acmid = {1346323},
	Address = {New York, NY, USA},
	Author = {Lu, Shan and Park, Soyeon and Seo, Eunsoo and Zhou, Yuanyuan},
	Booktitle = {Proceedings of the 13th International Conference on Architectural Support for Programming Languages and Operating Systems},
	Doi = {10.1145/1346281.1346323},
	Isbn = {978-1-59593-958-6},
	Keywords = {bug characteristics, concurrency bug, concurrent program},
	Location = {Seattle, WA, USA},
	Numpages = {11},
	Pages = {329--339},
	Publisher = {ACM},
	Series = {ASPLOS XIII},
	Title = {Learning from Mistakes: A Comprehensive Study on Real World Concurrency Bug Characteristics},
	Url = {http://doi.acm.org/10.1145/1346281.1346323},
	Year = {2008},
	Bdsk-Url-1 = {http://doi.acm.org/10.1145/1346281.1346323},
	Bdsk-Url-2 = {http://dx.doi.org/10.1145/1346281.1346323}}

@inproceedings{Li2006:TCE,
	Acmid = {1181314},
	Address = {New York, NY, USA},
	Author = {Li, Zhenmin and Tan, Lin and Wang, Xuanhui and Lu, Shan and Zhou, Yuanyuan and Zhai, Chengxiang},
	Booktitle = {Proceedings of the 1st Workshop on Architectural and System Support for Improving Software Dependability},
	Doi = {10.1145/1181309.1181314},
	Isbn = {1-59593-576-2},
	Keywords = {bug characteristics, bug detection, empirical study, open source, security},
	Location = {San Jose, California},
	Numpages = {9},
	Pages = {25--33},
	Publisher = {ACM},
	Series = {ASID '06},
	Title = {Have Things Changed Now?: An Empirical Study of Bug Characteristics in Modern Open Source Software},
	Url = {http://doi.acm.org/10.1145/1181309.1181314},
	Year = {2006},
	Bdsk-Url-1 = {http://doi.acm.org/10.1145/1181309.1181314},
	Bdsk-Url-2 = {http://dx.doi.org/10.1145/1181309.1181314}}

@article{Lehman1984:ULE,
	Acmid = {2305985},
	Address = {New York, NY, USA},
	Author = {Lehman, M. M.},
	Doi = {10.1016/0164-1212(79)90022-0},
	Issn = {0164-1212},
	Issue_Date = {September, 1984},
	Journal = {J. Syst. Softw.},
	Month = sep,
	Numpages = {9},
	Pages = {213--221},
	Publisher = {Elsevier Science Inc.},
	Title = {On Understanding Laws, Evolution, and Conservation in the Large-program Life Cycle},
	Url = {http://dx.doi.org/10.1016/0164-1212(79)90022-0},
	Volume = {1},
	Year = {1984},
	Bdsk-Url-1 = {http://dx.doi.org/10.1016/0164-1212(79)90022-0}}

@article{Seaman2008:SMC,
	Acmid = {1464379},
	Address = {New York, NY, USA},
	Author = {Seaman, Carolyn B.},
	Doi = {10.1002/smr.v20:6},
	Issn = {1532-060X},
	Issue_Date = {November 2008},
	Journal = {J. Softw. Maint. Evol.},
	Month = nov,
	Number = {6},
	Numpages = {4},
	Pages = {463--466},
	Publisher = {John Wiley \& Sons, Inc.},
	Title = {Software Maintenance: Concepts and Practice},
	Url = {http://dx.doi.org/10.1002/smr.v20:6},
	Volume = {20},
	Year = {2008},
	Bdsk-Url-1 = {http://dx.doi.org/10.1002/smr.v20:6}}

@book{Longstreet1990:smc,
	Date-Added = {2017-07-11 21:07:16 +0000},
	Date-Modified = {2017-07-11 21:08:07 +0000},
	Publisher = {Ieee Computer Society},
	Title = {Software Maintenance and Computers (Ieee Computer Society Press Tutorial)},
	Year = {1990}}

@article{Seaman:2008:SMC,
	Acmid = {1464379},
	Address = {New York, NY, USA},
	Author = {Seaman, Carolyn B.},
	Doi = {10.1002/smr.v20:6},
	Issn = {1532-060X},
	Issue_Date = {November 2008},
	Journal = {J. Softw. Maint. Evol.},
	Month = nov,
	Number = {6},
	Numpages = {4},
	Pages = {463--466},
	Publisher = {John Wiley \& Sons, Inc.},
	Title = {Software Maintenance: Concepts and Practice Authored by Penny Grubb and Armstrong A. Takang World Scientific, New Jersey. Copyright \&Copy; 2003; 349 Pages ISBN 981-238-426-X (Paperback) US\&Dollar;40},
	Url = {http://dx.doi.org/10.1002/smr.v20:6},
	Volume = {20},
	Year = {2008},
	Bdsk-Url-1 = {http://dx.doi.org/10.1002/smr.v20:6}}

@techreport{iso,
	Date-Added = {2017-07-11 15:35:34 +0000},
	Date-Modified = {2017-07-11 15:36:12 +0000},
	Institution = {ISO/IEC},
	Title = {ISO/IEC 14764:2006: Software Engineering Software Life Cycle Processes Maintenance},
	Year = {2006}}

@inproceedings{Swanson1976:Dimension,
	Acmid = {807723},
	Address = {Los Alamitos, CA, USA},
	Author = {Swanson, E. Burton},
	Booktitle = {Proceedings of the 2Nd International Conference on Software Engineering},
	Keywords = {Performance measurement, Software maintenance},
	Location = {San Francisco, California, USA},
	Numpages = {6},
	Pages = {492--497},
	Publisher = {IEEE Computer Society Press},
	Series = {ICSE '76},
	Title = {The Dimensions of Maintenance},
	Url = {http://dl.acm.org/citation.cfm?id=800253.807723},
	Year = {1976},
	Bdsk-Url-1 = {http://dl.acm.org/citation.cfm?id=800253.807723}}

@article{FWP2007,
	Author = {Beat Fluri and Michael W\"ursch and Martin Pinzger and Harald C. Gall},
	Date-Added = {2017-06-28 18:57:30 +0000},
	Date-Modified = {2017-06-28 18:57:30 +0000},
	Journal = {IEEE Transactions on Software Engineering},
	Month = {November},
	Number = {11},
	Owner = {miryung},
	Pages = {18},
	Timestamp = {2008.05.15},
	Title = {Change Distilling---Tree Differencing for Fine-Grained Source Code Change Extraction},
	Volume = {33},
	Year = {2007}}

@inproceedings{Rolim:2017,
	Acmid = {3097417},
	Address = {Piscataway, NJ, USA},
	Author = {Rolim, Reudismam and Soares, Gustavo and D'Antoni, Loris and Polozov, Oleksandr and Gulwani, Sumit and Gheyi, Rohit and Suzuki, Ryo and Hartmann, Bj\"{o}rn},
	Booktitle = {Proceedings of the 39th International Conference on Software Engineering},
	Doi = {10.1109/ICSE.2017.44},
	Isbn = {978-1-5386-3868-2},
	Keywords = {program synthesis, program transformation, refactoring, tutoring systems},
	Location = {Buenos Aires, Argentina},
	Numpages = {12},
	Pages = {404--415},
	Publisher = {IEEE Press},
	Series = {ICSE '17},
	Title = {Learning Syntactic Program Transformations from Examples},
	Url = {https://doi.org/10.1109/ICSE.2017.44},
	Year = {2017},
	Bdsk-Url-1 = {https://doi.org/10.1109/ICSE.2017.44},
	Bdsk-Url-2 = {http://dx.doi.org/10.1109/ICSE.2017.44}}

@inproceedings{MKM2013,
	Author = {Na Meng and Miryung Kim and Kathryn McKinley},
	Booktitle = {ICSE '13: Proceedings of 35th IEEE/ACM International Conference on Software Engineering (Accepted)},
	Date-Added = {2017-06-28 18:31:04 +0000},
	Date-Modified = {2017-06-28 18:31:04 +0000},
	Organization = {IEEE Society},
	Owner = {miryung},
	Pages = {10 pages},
	Timestamp = {2012.11.30},
	Title = {LASE: Locating and Applying Systematic Edits by Learning from Examples},
	Year = {2013}}

@inproceedings{MKM2011,
	Acmid = {1993537},
	Address = {New York, NY, USA},
	Author = {Meng, Na and Kim, Miryung and McKinley, Kathryn S.},
	Booktitle = {Proceedings of the 32nd ACM SIGPLAN conference on Programming language design and implementation},
	Date-Added = {2017-06-28 18:30:49 +0000},
	Date-Modified = {2017-06-28 18:30:49 +0000},
	Doi = {http://doi.acm.org/10.1145/1993498.1993537},
	Isbn = {978-1-4503-0663-8},
	Keywords = {empirical study, program differencing, program transformation, software evolution},
	Location = {San Jose, California, USA},
	Numpages = {14},
	Pages = {329--342},
	Publisher = {ACM},
	Series = {PLDI '11},
	Title = {Systematic editing: generating program transformations from an example},
	Url = {http://doi.acm.org/10.1145/1993498.1993537},
	Year = {2011},
	Bdsk-Url-1 = {http://doi.acm.org/10.1145/1993498.1993537}}

@inproceedings{OConnor:2005,
	Acmid = {1117700},
	Address = {New York, NY, USA},
	Author = {O'Connor, Alexis and Shonle, Macneil and Griswold, William},
	Booktitle = {Proceedings of the 2005 OOPSLA Workshop on Eclipse Technology eXchange},
	Date-Added = {2017-06-28 18:29:32 +0000},
	Date-Modified = {2017-06-28 18:29:32 +0000},
	Doi = {10.1145/1117696.1117700},
	Isbn = {1-59593-342-5},
	Location = {San Diego, California},
	Numpages = {5},
	Pages = {16--20},
	Publisher = {ACM},
	Series = {eclipse '05},
	Title = {Star Diagram with Automated Refactorings for Eclipse},
	Url = {http://doi.acm.org/10.1145/1117696.1117700},
	Year = {2005},
	Bdsk-Url-1 = {http://doi.acm.org/10.1145/1117696.1117700},
	Bdsk-Url-2 = {http://dx.doi.org/10.1145/1117696.1117700}}

@inproceedings{Nguyen:2010,
	Acmid = {1806847},
	Address = {New York, NY, USA},
	Author = {Nguyen, Tung Thanh and Nguyen, Hoan Anh and Pham, Nam H. and Al-Kofahi, Jafar and Nguyen, Tien N.},
	Booktitle = {Proceedings of the 32Nd ACM/IEEE International Conference on Software Engineering - Volume 1},
	Doi = {10.1145/1806799.1806847},
	Isbn = {978-1-60558-719-6},
	Location = {Cape Town, South Africa},
	Numpages = {10},
	Pages = {315--324},
	Publisher = {ACM},
	Series = {ICSE '10},
	Title = {Recurring Bug Fixes in Object-oriented Programs},
	Url = {http://doi.acm.org/10.1145/1806799.1806847},
	Year = {2010},
	Bdsk-Url-1 = {http://doi.acm.org/10.1145/1806799.1806847},
	Bdsk-Url-2 = {http://dx.doi.org/10.1145/1806799.1806847}}

@article{Kim:2005,
	Acmid = {1081737},
	Address = {New York, NY, USA},
	Author = {Kim, Miryung and Sazawal, Vibha and Notkin, David and Murphy, Gail},
	Doi = {10.1145/1095430.1081737},
	Issn = {0163-5948},
	Issue_Date = {September 2005},
	Journal = {SIGSOFT Softw. Eng. Notes},
	Keywords = {code clone, empirical study, refactoring, software evolution, software maintenance},
	Month = sep,
	Number = {5},
	Numpages = {10},
	Pages = {187--196},
	Publisher = {ACM},
	Title = {An Empirical Study of Code Clone Genealogies},
	Url = {http://doi.acm.org/10.1145/1095430.1081737},
	Volume = {30},
	Year = {2005},
	Bdsk-Url-1 = {http://doi.acm.org/10.1145/1095430.1081737},
	Bdsk-Url-2 = {http://dx.doi.org/10.1145/1095430.1081737}}

@inproceedings{Kim:2009,
	Acmid = {1555046},
	Address = {Washington, DC, USA},
	Author = {Kim, Miryung and Notkin, David},
	Booktitle = {Proceedings of the 31st International Conference on Software Engineering},
	Doi = {10.1109/ICSE.2009.5070531},
	Isbn = {978-1-4244-3453-4},
	Numpages = {11},
	Pages = {309--319},
	Publisher = {IEEE Computer Society},
	Series = {ICSE '09},
	Title = {Discovering and Representing Systematic Code Changes},
	Url = {http://dx.doi.org/10.1109/ICSE.2009.5070531},
	Year = {2009},
	Bdsk-Url-1 = {http://dx.doi.org/10.1109/ICSE.2009.5070531}}

@inproceedings{Batory:2003,
	Acmid = {776839},
	Address = {Washington, DC, USA},
	Author = {Batory, Don and Sarvela, Jacob Neal and Rauschmayer, Axel},
	Booktitle = {Proceedings of the 25th International Conference on Software Engineering},
	Isbn = {0-7695-1877-X},
	Location = {Portland, Oregon},
	Numpages = {11},
	Pages = {187--197},
	Publisher = {IEEE Computer Society},
	Series = {ICSE '03},
	Title = {Scaling Step-wise Refinement},
	Url = {http://dl.acm.org/citation.cfm?id=776816.776839},
	Year = {2003},
	Bdsk-Url-1 = {http://dl.acm.org/citation.cfm?id=776816.776839}}

@inproceedings{Murphy-Hill:2008,
	Acmid = {1368146},
	Address = {New York, NY, USA},
	Author = {Murphy-Hill, Emerson and Black, Andrew P.},
	Booktitle = {Proceedings of the 30th International Conference on Software Engineering},
	Doi = {10.1145/1368088.1368146},
	Isbn = {978-1-60558-079-1},
	Keywords = {environments, refactoring, tools, usability},
	Location = {Leipzig, Germany},
	Numpages = {10},
	Pages = {421--430},
	Publisher = {ACM},
	Series = {ICSE '08},
	Title = {Breaking the Barriers to Successful Refactoring: Observations and Tools for Extract Method},
	Url = {http://doi.acm.org/10.1145/1368088.1368146},
	Year = {2008},
	Bdsk-Url-1 = {http://doi.acm.org/10.1145/1368088.1368146},
	Bdsk-Url-2 = {http://dx.doi.org/10.1145/1368088.1368146}}

@inproceedings{Murphy-Hill:2011,
	Author = {E. Murphy-Hill and M. Ayazifar and A. P. Black},
	Booktitle = {2011 IEEE Symposium on Visual Languages and Human-Centric Computing (VL/HCC)},
	Doi = {10.1109/VLHCC.2011.6070394},
	Issn = {1943-6092},
	Keywords = {software maintenance;user interfaces;expert tool user;gesture mapping;marking menus;novice tool user;refactoring tool;software refactoring;software restructuring;Vehicles},
	Month = {Sept},
	Pages = {165-172},
	Title = {Restructuring software with gestures},
	Year = {2011},
	Bdsk-Url-1 = {http://dx.doi.org/10.1109/VLHCC.2011.6070394}}

@inproceedings{Parnin:2008,
	Acmid = {1409733},
	Address = {New York, NY, USA},
	Author = {Parnin, Chris and G\"{o}rg, Carsten and Nnadi, Ogechi},
	Booktitle = {Proceedings of the 4th ACM Symposium on Software Visualization},
	Doi = {10.1145/1409720.1409733},
	Isbn = {978-1-60558-112-5},
	Keywords = {code inspection, code smells, lightweight visualization, refactoring},
	Location = {Ammersee, Germany},
	Numpages = {10},
	Pages = {77--86},
	Publisher = {ACM},
	Series = {SoftVis '08},
	Title = {A Catalogue of Lightweight Visualizations to Support Code Smell Inspection},
	Url = {http://doi.acm.org/10.1145/1409720.1409733},
	Year = {2008},
	Bdsk-Url-1 = {http://doi.acm.org/10.1145/1409720.1409733},
	Bdsk-Url-2 = {http://dx.doi.org/10.1145/1409720.1409733}}

@inproceedings{Mealy:2007,
	Author = {E. Mealy and D. Carrington and P. Strooper and P. Wyeth},
	Booktitle = {Software Engineering Conference, 2007. ASWEC 2007. 18th Australian},
	Doi = {10.1109/ASWEC.2007.24},
	Issn = {1530-0803},
	Keywords = {software maintenance;software prototyping;software tools;ISO 9241-11 usability standard;software refactoring tool;task allocation;Costs;Guidelines;ISO standards;Prototypes;Software prototyping;Software quality;Software standards;Software systems;Software tools;Usability},
	Month = {April},
	Pages = {307-318},
	Title = {Improving Usability of Software Refactoring Tools},
	Year = {2007},
	Bdsk-Url-1 = {http://dx.doi.org/10.1109/ASWEC.2007.24}}

@inproceedings{Vakilian:2012,
	Author = {M. Vakilian and N. Chen and S. Negara and B. A. Rajkumar and B. P. Bailey and R. E. Johnson},
	Booktitle = {2012 34th International Conference on Software Engineering (ICSE)},
	Doi = {10.1109/ICSE.2012.6227190},
	Issn = {0270-5257},
	Keywords = {software maintenance;software tools;awareness;behavioral data;interaction data;invocation method;lightweight methods;naming;predictability;predictable automated refactorings;refactoring tools;trust;Context;Educational institutions;Interviews;Programming;Reliability;Software;User interfaces;Human computer interaction;Human factors;Programming environments;Software engineering;Software maintenance;User interfaces},
	Month = {June},
	Pages = {233-243},
	Title = {Use, disuse, and misuse of automated refactorings},
	Year = {2012},
	Bdsk-Url-1 = {http://dx.doi.org/10.1109/ICSE.2012.6227190}}

@article{Tsantalis2013:icsm,
	Author = {Giri Panamoottil Krishnan and Nikolaos Tsantalis},
	Date-Added = {2017-06-27 20:36:30 +0000},
	Date-Modified = {2017-06-27 20:36:30 +0000},
	Journal = {ICSM},
	Pages = {360-363},
	Title = {Refactoring Clones: An Optimization Problem},
	Volume = {0},
	Year = {2013},
	Bdsk-File-1 = {YnBsaXN0MDDUAQIDBAUGJCVYJHZlcnNpb25YJG9iamVjdHNZJGFyY2hpdmVyVCR0b3ASAAGGoKgHCBMUFRYaIVUkbnVsbNMJCgsMDxJXTlMua2V5c1pOUy5vYmplY3RzViRjbGFzc6INDoACgAOiEBGABIAFgAdccmVsYXRpdmVQYXRoWWFsaWFzRGF0YV8QHi4uLy4uLy4uL0Rvd25sb2Fkcy8xODA4OTA2LmJpYtIXCxgZV05TLmRhdGFPEQFyAAAAAAFyAAIAAAxNYWNpbnRvc2ggSEQAAAAAAAAAAAAAAAAAAADOl2VzSCsAAAAI93ALMTgwODkwNi5iaWIAAAAAAAAAAAAAAAAAAAAAAAAAAAAAAAAAAAAAAAAAAAAAAAAAAAAAAAAAAAAAAAAAAAAAABVyR88+ah8AAAAAAAAAAAADAAIAAAkgAAAAAAAAAAAAAAAAAAAACURvd25sb2FkcwAAEAAIAADOl6vDAAAAEQAIAADPPr5/AAAAAQAMAAj3cAAI920AAmSOAAIAMk1hY2ludG9zaCBIRDpVc2VyczoAbm04MjQ3OgBEb3dubG9hZHM6ADE4MDg5MDYuYmliAA4AGAALADEAOAAwADgAOQAwADYALgBiAGkAYgAPABoADABNAGEAYwBpAG4AdABvAHMAaAAgAEgARAASACJVc2Vycy9ubTgyNDcvRG93bmxvYWRzLzE4MDg5MDYuYmliABMAAS8AABUAAgAN//8AAIAG0hscHR5aJGNsYXNzbmFtZVgkY2xhc3Nlc11OU011dGFibGVEYXRhox0fIFZOU0RhdGFYTlNPYmplY3TSGxwiI1xOU0RpY3Rpb25hcnmiIiBfEA9OU0tleWVkQXJjaGl2ZXLRJidUcm9vdIABAAgAEQAaACMALQAyADcAQABGAE0AVQBgAGcAagBsAG4AcQBzAHUAdwCEAI4ArwC0ALwCMgI0AjkCRAJNAlsCXwJmAm8CdAKBAoQClgKZAp4AAAAAAAACAQAAAAAAAAAoAAAAAAAAAAAAAAAAAAACoA==}}

@inproceedings{Balazinska1999,
	Author = {Magdalena Balazinska and Ettore Merlo and Michel Dagenais and Bruno Lague and Kostas Kontogiannis},
	Booktitle = {WCRE},
	Date-Added = {2017-06-27 20:35:56 +0000},
	Date-Modified = {2017-06-27 20:35:56 +0000},
	Isbn = {0-7695-0303-9},
	Owner = {miryung},
	Pages = {326},
	Timestamp = {2009.04.24},
	Title = {Partial Redesign of Java Software Systems Based on Clone Analysis},
	Year = {1999}}

@phdthesis{Griswold:1992,
	Address = {Seattle, WA, USA},
	Author = {Griswold, William G.},
	Note = {UMI Order No. GAX92-03258},
	Publisher = {University of Washington},
	Title = {Program Restructuring As an Aid to Software Maintenance},
	Year = {1992}}

@inproceedings{Meng:2015,
	Acmid = {2818804},
	Address = {Piscataway, NJ, USA},
	Author = {Meng, Na and Hua, Lisa and Kim, Miryung and McKinley, Kathryn S.},
	Booktitle = {Proceedings of the 37th International Conference on Software Engineering - Volume 1},
	Isbn = {978-1-4799-1934-5},
	Location = {Florence, Italy},
	Numpages = {11},
	Pages = {392--402},
	Publisher = {IEEE Press},
	Series = {ICSE '15},
	Title = {Does Automated Refactoring Obviate Systematic Editing?},
	Url = {http://dl.acm.org/citation.cfm?id=2818754.2818804},
	Year = {2015},
	Bdsk-Url-1 = {http://dl.acm.org/citation.cfm?id=2818754.2818804}}

@inproceedings{Kim:2016,
	Acmid = {2884802},
	Address = {New York, NY, USA},
	Author = {Kim, Jongwook and Batory, Don and Dig, Danny and Azanza, Maider},
	Booktitle = {Proceedings of the 38th International Conference on Software Engineering},
	Doi = {10.1145/2884781.2884802},
	Isbn = {978-1-4503-3900-1},
	Location = {Austin, Texas},
	Numpages = {12},
	Pages = {1145--1156},
	Publisher = {ACM},
	Series = {ICSE '16},
	Title = {Improving Refactoring Speed by 10X},
	Url = {http://doi.acm.org/10.1145/2884781.2884802},
	Year = {2016},
	Bdsk-Url-1 = {http://doi.acm.org/10.1145/2884781.2884802},
	Bdsk-Url-2 = {http://dx.doi.org/10.1145/2884781.2884802}}

@inproceedings{Ge:2012,
	Acmid = {2337249},
	Address = {Piscataway, NJ, USA},
	Author = {Ge, Xi and DuBose, Quinton L. and Murphy-Hill, Emerson},
	Booktitle = {Proceedings of the 34th International Conference on Software Engineering},
	Isbn = {978-1-4673-1067-3},
	Location = {Zurich, Switzerland},
	Numpages = {11},
	Pages = {211--221},
	Publisher = {IEEE Press},
	Series = {ICSE '12},
	Title = {Reconciling Manual and Automatic Refactoring},
	Url = {http://dl.acm.org/citation.cfm?id=2337223.2337249},
	Year = {2012},
	Bdsk-Url-1 = {http://dl.acm.org/citation.cfm?id=2337223.2337249}}

@inproceedings{Dig:2009,
	Acmid = {1640018},
	Address = {New York, NY, USA},
	Author = {Dig, Danny and Tarce, Mihai and Radoi, Cosmin and Minea, Marius and Johnson, Ralph},
	Booktitle = {Proceedings of the 24th ACM SIGPLAN Conference Companion on Object Oriented Programming Systems Languages and Applications},
	Doi = {10.1145/1639950.1640018},
	Isbn = {978-1-60558-768-4},
	Keywords = {concurrency, parallelism, program analysis, program transformation, refactoring},
	Location = {Orlando, Florida, USA},
	Numpages = {2},
	Pages = {793--794},
	Publisher = {ACM},
	Series = {OOPSLA '09},
	Title = {Relooper: Refactoring for Loop Parallelism in Java},
	Url = {http://doi.acm.org/10.1145/1639950.1640018},
	Year = {2009},
	Bdsk-Url-1 = {http://doi.acm.org/10.1145/1639950.1640018},
	Bdsk-Url-2 = {http://dx.doi.org/10.1145/1639950.1640018}}

@inproceedings{Chen:2013,
	Author = {N. Chen and R. E. Johnson},
	Booktitle = {2013 28th IEEE/ACM International Conference on Automated Software Engineering (ASE)},
	Doi = {10.1109/ASE.2013.6693080},
	Keywords = {interactive systems;parallel programming;public domain software;software maintenance;Eclipse IDE;Groovy GPars;Intel TBB flow graph;JFlow;Microsoft TPL dataflow;RMS domain;automatic financial trading;data warehousing;flow-based parallelism;image processing;interactive refactoring tool;large open source projects;parallel libraries;recognition, mining and synthesis domain;sequential code refactoring;video processing;Databases;Feature extraction;Java;Libraries;Parallel processing;Pipelines;Sensitivity},
	Month = {Nov},
	Pages = {202-212},
	Title = {JFlow: Practical refactorings for flow-based parallelism},
	Year = {2013},
	Bdsk-Url-1 = {http://dx.doi.org/10.1109/ASE.2013.6693080}}

@inproceedings{Lee:2013,
	Acmid = {2486792},
	Address = {Piscataway, NJ, USA},
	Author = {Lee, Yun Young and Chen, Nicholas and Johnson, Ralph E.},
	Booktitle = {Proceedings of the 2013 International Conference on Software Engineering},
	Isbn = {978-1-4673-3076-3},
	Location = {San Francisco, CA, USA},
	Numpages = {10},
	Pages = {23--32},
	Publisher = {IEEE Press},
	Series = {ICSE '13},
	Title = {Drag-and-drop Refactoring: Intuitive and Efficient Program Transformation},
	Url = {http://dl.acm.org/citation.cfm?id=2486788.2486792},
	Year = {2013},
	Bdsk-Url-1 = {http://dl.acm.org/citation.cfm?id=2486788.2486792}}

@book{1999:RID,
	Address = {Boston, MA, USA},
	Isbn = {0-201-48567-2},
	Key = {{$\!\!$}},
	Publisher = {Addison-Wesley Longman Publishing Co., Inc.},
	Title = {Refactoring: Improving the Design of Existing Code},
	Year = {1999}}

@inproceedings{DuR2007,
	Address = {Washington, DC, USA},
	Author = {Ekwa Duala-Ekoko and Martin P. Robillard},
	Booktitle = {ICSE '07: Proceedings of the 29th International Conference on Software Engineering},
	Date-Added = {2017-06-27 19:52:32 +0000},
	Date-Modified = {2017-06-27 19:52:32 +0000},
	Doi = {http://dx.doi.org/10.1109/ICSE.2007.90},
	Isbn = {0-7695-2828-7},
	Owner = {miryung},
	Pages = {158--167},
	Publisher = {IEEE Computer Society},
	Timestamp = {2009.04.24},
	Title = {Tracking Code Clones in Evolving Software},
	Year = {2007},
	Bdsk-Url-1 = {http://dx.doi.org/10.1109/ICSE.2007.90}}

@inproceedings{NNP2009,
	Address = {Washington, DC, USA},
	Author = {Nguyen, Tung Thanh and Nguyen, Hoan Anh and Pham, Nam H. and Al-Kofahi, Jafar M. and Nguyen, Tien N.},
	Booktitle = {ASE '09: Proceedings of the 2009 IEEE/ACM International Conference on Automated Software Engineering},
	Date-Added = {2017-06-27 19:49:16 +0000},
	Date-Modified = {2017-06-27 19:49:16 +0000},
	Doi = {http://dx.doi.org/10.1109/ASE.2009.90},
	Isbn = {978-0-7695-3891-4},
	Pages = {123--134},
	Publisher = {IEEE Computer Society},
	Title = {Clone-Aware Configuration Management},
	Year = {2009},
	Bdsk-Url-1 = {http://dx.doi.org/10.1109/ASE.2009.90}}

@inproceedings{TBG2004,
	Address = {Washington, DC, USA},
	Author = {Michael Toomim and Andrew Begel and Susan L. Graham},
	Booktitle = {VLHCC '04: Proceedings of the 2004 IEEE Symposium on Visual Languages - Human Centric Computing},
	Date-Added = {2017-06-27 19:01:21 +0000},
	Date-Modified = {2017-06-27 19:01:21 +0000},
	Doi = {http://dx.doi.org/10.1109/VLHCC.2004.35},
	Isbn = {0-7803-8696-5},
	Owner = {miryung},
	Pages = {173--180},
	Publisher = {IEEE Computer Society},
	Timestamp = {2009.04.24},
	Title = {Managing Duplicated Code with Linked Editing},
	Year = {2004},
	Bdsk-Url-1 = {http://dx.doi.org/10.1109/VLHCC.2004.35}}

@inproceedings{MiM2001,
	Address = {Berkeley, CA, USA},
	Author = {Robert C. Miller and Brad A. Myers},
	Booktitle = {Proceedings of the General Track: 2002 USENIX Annual Technical Conference},
	Date-Added = {2017-06-27 18:53:41 +0000},
	Date-Modified = {2017-06-27 18:53:41 +0000},
	Isbn = {1-880446-09-X},
	Owner = {miryung},
	Pages = {161--174},
	Publisher = {USENIX Association},
	Timestamp = {2009.04.24},
	Title = {Interactive Simultaneous Editing of Multiple Text Regions},
	Year = {2001}}

@article{Feser:2015,
	Acmid = {2737977},
	Address = {New York, NY, USA},
	Author = {Feser, John K. and Chaudhuri, Swarat and Dillig, Isil},
	Doi = {10.1145/2813885.2737977},
	Issn = {0362-1340},
	Issue_Date = {June 2015},
	Journal = {SIGPLAN Not.},
	Keywords = {Program synthesis, automated deduction, data transformations, programming by example, search-based synthesis},
	Month = jun,
	Number = {6},
	Numpages = {11},
	Pages = {229--239},
	Publisher = {ACM},
	Title = {Synthesizing Data Structure Transformations from Input-output Examples},
	Url = {http://doi.acm.org/10.1145/2813885.2737977},
	Volume = {50},
	Year = {2015},
	Bdsk-Url-1 = {http://doi.acm.org/10.1145/2813885.2737977},
	Bdsk-Url-2 = {http://dx.doi.org/10.1145/2813885.2737977}}

@inproceedings{Yaghmazadeh:2016,
	Acmid = {2908088},
	Address = {New York, NY, USA},
	Author = {Yaghmazadeh, Navid and Klinger, Christian and Dillig, Isil and Chaudhuri, Swarat},
	Booktitle = {Proceedings of the 37th ACM SIGPLAN Conference on Programming Language Design and Implementation},
	Doi = {10.1145/2908080.2908088},
	Isbn = {978-1-4503-4261-2},
	Keywords = {Program synthesis, data transformations, programming by example},
	Location = {Santa Barbara, CA, USA},
	Numpages = {14},
	Pages = {508--521},
	Publisher = {ACM},
	Series = {PLDI '16},
	Title = {Synthesizing Transformations on Hierarchically Structured Data},
	Url = {http://doi.acm.org/10.1145/2908080.2908088},
	Year = {2016},
	Bdsk-Url-1 = {http://doi.acm.org/10.1145/2908080.2908088},
	Bdsk-Url-2 = {http://dx.doi.org/10.1145/2908080.2908088}}

@inproceedings{GKT2011,
	Acmid = {1993505},
	Address = {New York, NY, USA},
	Author = {Gulwani, Sumit and Korthikanti, Vijay Anand and Tiwari, Ashish},
	Booktitle = {Proceedings of the 32nd ACM SIGPLAN conference on Programming language design and implementation},
	Date-Added = {2017-06-27 18:44:00 +0000},
	Date-Modified = {2017-06-27 18:44:00 +0000},
	Doi = {http://doi.acm.org/10.1145/1993498.1993505},
	Isbn = {978-1-4503-0663-8},
	Keywords = {abstraction, forward and backward analysis, program synthesis, ruler-compass geometry constructions},
	Location = {San Jose, California, USA},
	Numpages = {12},
	Pages = {50--61},
	Publisher = {ACM},
	Series = {PLDI '11},
	Title = {Synthesizing geometry constructions},
	Url = {http://doi.acm.org/10.1145/1993498.1993505},
	Year = {2011},
	Bdsk-Url-1 = {http://doi.acm.org/10.1145/1993498.1993505}}

@inproceedings{HaG2011,
	Acmid = {1993536},
	Address = {New York, NY, USA},
	Author = {Harris, William R. and Gulwani, Sumit},
	Booktitle = {Proceedings of the 32nd ACM SIGPLAN conference on Programming language design and implementation},
	Date-Added = {2017-06-27 18:43:34 +0000},
	Date-Modified = {2017-06-27 18:43:34 +0000},
	Doi = {http://doi.acm.org/10.1145/1993498.1993536},
	Isbn = {978-1-4503-0663-8},
	Keywords = {end-user programming, program synthesis, programming by example, spreadsheet programming, table manipulation, user intent},
	Location = {San Jose, California, USA},
	Numpages = {12},
	Pages = {317--328},
	Publisher = {ACM},
	Series = {PLDI '11},
	Title = {Spreadsheet table transformations from examples},
	Url = {http://doi.acm.org/10.1145/1993498.1993536},
	Year = {2011},
	Bdsk-Url-1 = {http://doi.acm.org/10.1145/1993498.1993536}}

@inproceedings{Gul2011,
	Acmid = {1926423},
	Address = {New York, NY, USA},
	Author = {Gulwani, Sumit},
	Booktitle = {Proceedings of the 38th annual ACM SIGPLAN-SIGACT symposium on Principles of programming languages},
	Date-Added = {2017-06-27 18:36:00 +0000},
	Date-Modified = {2017-06-27 18:36:00 +0000},
	Doi = {http://doi.acm.org/10.1145/1926385.1926423},
	Isbn = {978-1-4503-0490-0},
	Keywords = {program synthesis, programming by example (pbe), spreadsheet programming, string manipulation, user intent, version space algebra},
	Location = {Austin, Texas, USA},
	Numpages = {14},
	Pages = {317--330},
	Publisher = {ACM},
	Series = {POPL '11},
	Title = {Automating string processing in spreadsheets using input-output examples},
	Url = {http://doi.acm.org/10.1145/1926385.1926423},
	Year = {2011},
	Bdsk-Url-1 = {http://doi.acm.org/10.1145/1926385.1926423}}

@inproceedings{Gul2010,
	Acmid = {1836091},
	Address = {New York, NY, USA},
	Author = {Gulwani, Sumit},
	Booktitle = {Proceedings of the 12th international ACM SIGPLAN symposium on Principles and practice of declarative programming},
	Date-Added = {2017-06-27 18:27:52 +0000},
	Date-Modified = {2017-06-27 18:27:52 +0000},
	Doi = {http://doi.acm.org/10.1145/1836089.1836091},
	Isbn = {978-1-4503-0132-9},
	Keywords = {belief propagation, deductive synthesis, genetic programming, inductive synthesis, machine learning, probabilistic inference, programming by demonstration, programming by examples, sat solving, smt solving},
	Location = {Hagenberg, Austria},
	Numpages = {12},
	Pages = {13--24},
	Publisher = {ACM},
	Series = {PPDP '10},
	Title = {Dimensions in program synthesis},
	Url = {http://doi.acm.org/10.1145/1836089.1836091},
	Year = {2010},
	Bdsk-Url-1 = {http://doi.acm.org/10.1145/1836089.1836091}}

@misc{phonegap,
	Date-Added = {2017-06-27 15:58:33 +0000},
	Date-Modified = {2017-06-27 15:58:33 +0000},
	Howpublished = {\url{https://build.phonegap.com}},
	Title = {{PhoneGap}}}

@misc{html5,
	Date-Added = {2017-06-27 15:56:02 +0000},
	Date-Modified = {2017-06-27 15:56:02 +0000},
	Howpublished = {\url{https://www.w3.org/TR/html5/}},
	Title = {{HTML5}}}

@inproceedings{Nix1984,
	Acmid = {800530},
	Address = {New York, NY, USA},
	Author = {Nix, Robert},
	Booktitle = {Proceedings of the 11th ACM SIGACT-SIGPLAN symposium on Principles of programming languages},
	Date-Added = {2017-06-27 15:49:55 +0000},
	Date-Modified = {2017-06-27 15:49:55 +0000},
	Doi = {http://doi.acm.org/10.1145/800017.800530},
	Isbn = {0-89791-125-3},
	Location = {Salt Lake City, Utah, United States},
	Numpages = {10},
	Pages = {186--195},
	Publisher = {ACM},
	Series = {POPL '84},
	Title = {Editing by example},
	Url = {http://doi.acm.org/10.1145/800017.800530},
	Year = {1984},
	Bdsk-Url-1 = {http://doi.acm.org/10.1145/800017.800530}}

@inbook{WiM1993,
	Acmid = {168108},
	Address = {Cambridge, MA, USA},
	Author = {Witten, Ian H. and Mo, Dan},
	Book = {Watch what I do},
	Date-Added = {2017-06-27 15:40:16 +0000},
	Date-Modified = {2017-06-27 15:40:16 +0000},
	Isbn = {0-262-03213-9},
	Numpages = {21},
	Pages = {183--203},
	Publisher = {MIT Press},
	Title = {TELS: learning text editing tasks from examples},
	Url = {http://portal.acm.org/citation.cfm?id=168080.168108},
	Year = {1993},
	Bdsk-Url-1 = {http://portal.acm.org/citation.cfm?id=168080.168108}}

@inproceedings{LaH1995,
	Acmid = {834280},
	Address = {Washington, DC, USA},
	Author = {Landauer, J. and Hirakawa, M.},
	Booktitle = {Proceedings of the 11th International IEEE Symposium on Visual Languages},
	Date-Added = {2017-06-27 15:39:08 +0000},
	Date-Modified = {2017-06-27 15:39:08 +0000},
	Isbn = {0-8186-7045-2},
	Keywords = {Visual AWK, control structure inference, expressive power, feedback, generalisation (artificial intelligence), inference mechanisms, pattern-action paradigm, program visualization, programming-by-demonstration, spreadsheet metaphor, spreadsheet programs, text processing, usability, user-intended generalization, vertical demonstration, visual feedback, visual languages, visual programming, visual programming language, word processing},
	Pages = {267--},
	Publisher = {IEEE Computer Society},
	Series = {VL '95},
	Title = {Visual AWK: a model for text processing by demonstration},
	Url = {http://portal.acm.org/citation.cfm?id=832276.834280},
	Year = {1995},
	Bdsk-Url-1 = {http://portal.acm.org/citation.cfm?id=832276.834280}}

@inbook{LWD2001,
	Acmid = {369519},
	Address = {San Francisco, CA, USA},
	Author = {Lau, Tessa and Wolfman, Steven A. and Domingos, Pedro and Weld, Daniel S.},
	Book = {Your wish is my command},
	Date-Added = {2017-06-27 15:29:46 +0000},
	Date-Modified = {2017-06-27 15:29:46 +0000},
	Isbn = {1-55860-688-2},
	Numpages = {18},
	Pages = {209--226},
	Publisher = {Morgan Kaufmann Publishers Inc.},
	Title = {Learning repetitive text-editing procedures with SMARTedit},
	Url = {http://portal.acm.org/citation.cfm?id=369505.369519},
	Year = {2001},
	Bdsk-Url-1 = {http://portal.acm.org/citation.cfm?id=369505.369519}}

@book{Lie2001,
	Added-At = {2010-04-21T22:00:14.000+0200},
	Biburl = {http://www.bibsonomy.org/bibtex/22c5abe5fbfa2aac7942a9071a321f39a/emanuel},
	Date-Added = {2017-06-27 15:20:42 +0000},
	Date-Modified = {2017-06-27 15:20:42 +0000},
	Editor = {Henry Lieberman},
	Keywords = {pbe},
	Publisher = {Morgan Kaufmann Publishers},
	Title = {Your Wish is My Command: Programming by Example},
	Year = {2001}}

@inproceedings{Nguyen:15,
	Author = {A. T. Nguyen and T. T. Nguyen and T. N. Nguyen},
	Booktitle = {2015 30th IEEE/ACM International Conference on Automated Software Engineering (ASE)},
	Date-Added = {2017-06-27 15:09:48 +0000},
	Date-Modified = {2017-06-27 15:09:54 +0000},
	Title = {Divide-and-Conquer Approach for Multi-phase Statistical Migration for Source Code (T)},
	Year = {2015}}

@inproceedings{Tonella:04,
	Author = {P. Tonella and M. Ceccato},
	Booktitle = {20th IEEE International Conference on Software Maintenance, 2004. Proceedings.},
	Date-Added = {2017-06-27 14:52:03 +0000},
	Date-Modified = {2017-06-27 14:52:12 +0000},
	Doi = {10.1109/ICSM.2004.1357806},
	Issn = {1063-6773},
	Keywords = {object-oriented programming;software engineering;aspect oriented programming;code transformation;dynamic composition;interface implementation migration;interface method;software engineering;static composition;transversal functionality;Computer architecture;Dynamic programming;Engineering management;Functional programming;Graphical user interfaces;Information retrieval;Mutual coupling;Scattering;Software engineering;Software systems},
	Month = {Sept},
	Pages = {220-229},
	Title = {Migrating interface implementations to aspects},
	Year = {2004},
	Bdsk-Url-1 = {http://dx.doi.org/10.1109/ICSM.2004.1357806}}

@inproceedings{El-Ramly:2006,
	Author = {El-Ramly, M. and Eltayeb, R. and Alla, H. A.},
	Booktitle = {Proceedings of the IEEE International Conference on Computer Systems and Applications},
	Date-Added = {2017-06-27 14:51:51 +0000},
	Date-Modified = {2017-06-27 14:51:51 +0000},
	Title = {An Experiment in Automatic Conversion of Legacy {J}ava Programs to {C}\#},
	Year = {2006}}

@inproceedings{Chu:08,
	Author = {J. Chu and T. Dean},
	Booktitle = {2008 Eighth IEEE International Working Conference on Source Code Analysis and Manipulation},
	Date-Added = {2017-06-27 14:51:24 +0000},
	Date-Modified = {2017-06-27 14:51:34 +0000},
	Doi = {10.1109/SCAM.2008.29},
	Keywords = {Internet;Java;XML;AJAX;Asynchronous JavaScript and XML;Web application programming;automated list based JSP Web page migration;Costs;Data mining;HTML;Java;Merging;Motion pictures;Navigation;Web pages;Web services;XML;Automated Migration;TXL;Web Transformation},
	Month = {Sept},
	Pages = {217-226},
	Title = {Automated Migration of List Based JSP Web Pages to AJAX},
	Year = {2008},
	Bdsk-Url-1 = {http://dx.doi.org/10.1109/SCAM.2008.29}}

@article{Cordy2006,
	Address = {Amsterdam, The Netherlands, The Netherlands},
	Author = {James R. Cordy},
	Date-Added = {2017-06-27 14:48:51 +0000},
	Date-Modified = {2017-06-27 14:48:51 +0000},
	Doi = {http://dx.doi.org/10.1016/j.scico.2006.04.002},
	Issn = {0167-6423},
	Journal = {Science of Computer Programming},
	Number = {3},
	Owner = {miryung},
	Pages = {190--210},
	Publisher = {Elsevier North-Holland, Inc.},
	Timestamp = {2009.04.24},
	Title = {The {TXL} source transformation language},
	Volume = {61},
	Year = {2006},
	Bdsk-Url-1 = {http://dx.doi.org/10.1016/j.scico.2006.04.002}}

@misc{cobol2java,
	Date-Added = {2017-06-27 14:12:52 +0000},
	Date-Modified = {2017-06-27 14:48:04 +0000},
	Howpublished = {\url{http://www.semdesigns.com/Products/Services/COBOLMigration.html?Home=LegacyMigration}},
	Title = {{COBOL Migration to Java or .NET}}}

@misc{jovial2c,
	Date-Added = {2017-06-27 14:11:56 +0000},
	Date-Modified = {2017-06-27 14:48:20 +0000},
	Howpublished = {\url{http://www.semdesigns.com/Products/MigrationTools/JOVIAL2C.html}},
	Title = {{JOVIAL2C Translator}}}

@article{Hassan:2005,
	Author = {Hassan, Ahmed E. and Holt, Richard C.},
	Date-Added = {2017-06-27 14:07:26 +0000},
	Date-Modified = {2017-06-27 14:07:26 +0000},
	Journal = {Inf. Softw. Technol.},
	Title = {A Lightweight Approach for Migrating Web Frameworks},
	Year = {2005}}

@inproceedings{Sneed:2010,
	Author = {Sneed, Harry M.},
	Booktitle = {Proceedings of the 2010 IEEE International Conference on Software Maintenance},
	Date-Added = {2017-06-27 14:07:07 +0000},
	Date-Modified = {2017-06-27 14:07:07 +0000},
	Title = {{Migrating from COBOL to Java}},
	Year = {2010}}

@inproceedings{Mossienko:03,
	Author = {M. Mossienko},
	Booktitle = {Seventh European Conference onSoftware Maintenance and Reengineering, 2003. Proceedings.},
	Date-Added = {2017-06-27 14:06:09 +0000},
	Date-Modified = {2017-06-27 14:06:39 +0000},
	Title = {{Automated Cobol to Java recycling}},
	Year = {2003}}

@article{Yasumatsu:95,
	Abstract = {mapping of execution models between Smalltalk and spice: compiled methods are mapped onto machine code, contexts are mapped to stack frames. The runtime replacement classes, implement the same functionality of smalltalk classes that are part of the Smalltalk execution model and the runtime system},
	Author = {K. Yasumatsu and N. Doi},
	Date-Added = {2017-06-27 14:05:38 +0000},
	Date-Modified = {2017-06-27 14:05:46 +0000},
	Journal = {IEEE Transactions on Software Engineering},
	Title = {{SPiCE}: a system for translating {S}malltalk programs into a {C} environment},
	Year = {1995}}

@article{Eick2001:CodeDecay,
	Acmid = {359558},
	Address = {Piscataway, NJ, USA},
	Author = {Eick, Stephen G. and Graves, Todd L. and Karr, Alan F. and Marron, J. S. and Mockus, Audris},
	Doi = {10.1109/32.895984},
	Issn = {0098-5589},
	Issue_Date = {January 2001},
	Journal = {IEEE Trans. Softw. Eng.},
	Keywords = {Software maintenance, metrics, statistical analysis, fault potential, span of changes, effort modeling.},
	Month = jan,
	Number = {1},
	Numpages = {12},
	Pages = {1--12},
	Publisher = {IEEE Press},
	Title = {Does Code Decay? Assessing the Evidence from Change Management Data},
	Url = {https://doi.org/10.1109/32.895984},
	Volume = {27},
	Year = {2001},
	Bdsk-Url-1 = {https://doi.org/10.1109/32.895984},
	Bdsk-Url-2 = {http://dx.doi.org/10.1109/32.895984}}

@article{Belady1976:ModelEvolution,
	Acmid = {1661014},
	Address = {Riverton, NJ, USA},
	Author = {Belady, L. A. and Lehman, M. M.},
	Doi = {10.1147/sj.153.0225},
	Issn = {0018-8670},
	Issue_Date = {September 1976},
	Journal = {IBM Syst. J.},
	Month = sep,
	Number = {3},
	Numpages = {28},
	Pages = {225--252},
	Publisher = {IBM Corp.},
	Title = {A Model of Large Program Development},
	Url = {http://dx.doi.org/10.1147/sj.153.0225},
	Volume = {15},
	Year = {1976},
	Bdsk-Url-1 = {http://dx.doi.org/10.1147/sj.153.0225}}
