@incollection{fagan2001design,
  title={Design and code inspections to reduce errors in program development},
  author={Fagan, Michael E},
  booktitle={Pioneers and Their Contributions to Software Engineering},
  pages={301--334},
  year={2001},
  publisher={Springer}
}

@inproceedings{rigby2008open,
  title={Open source software peer review practices: a case study of the apache server},
  author={Rigby, Peter C and German, Daniel M and Storey, Margaret-Anne},
  booktitle={Proceedings of the 30th international conference on Software engineering},
  pages={541--550},
  year={2008},
  organization={ACM}
}

@inproceedings{rigby2013convergent,
  title={Convergent contemporary software peer review practices},
  author={Rigby, Peter C and Bird, Christian},
  booktitle={Proceedings of the 2013 9th Joint Meeting on Foundations of Software Engineering},
  pages={202--212},
  year={2013},
  organization={ACM}
}

@inproceedings{bacchelli2013expectations,
  title={Expectations, outcomes, and challenges of modern code review},
  author={Bacchelli, Alberto and Bird, Christian},
  booktitle={Proceedings of the 2013 international conference on software engineering},
  pages={712--721},
  year={2013},
  organization={IEEE Press}
}

@inproceedings{tao2012software,
  title={How do software engineers understand code changes?: an exploratory study in industry},
  author={Tao, Yida and Dang, Yingnong and Xie, Tao and Zhang, Dongmei and Kim, Sunghun},
  booktitle={Proceedings of the ACM SIGSOFT 20th International Symposium on the Foundations of Software Engineering},
  pages={51},
  year={2012},
  organization={ACM}
}

@inproceedings{barnett2015helping,
  title={Helping developers help themselves: Automatic decomposition of code review changesets},
  author={Barnett, Mike and Bird, Christian and Brunet, Jo{\~a}o and Lahiri, Shuvendu K},
  booktitle={Proceedings of the 37th International Conference on Software Engineering-Volume 1},
  pages={134--144},
  year={2015},
  organization={IEEE Press}
}

@inproceedings{dunsmore2000object,
  title={Object-oriented inspection in the face of delocalisation},
  author={Dunsmore, Alastair and Roper, Marc and Wood, Murray},
  booktitle={Proceedings of the 22nd international conference on Software engineering},
  pages={467--476},
  year={2000},
  organization={ACM}
}

@inproceedings{kawrykow2011non,
  title={Non-essential changes in version histories},
  author={Kawrykow, David and Robillard, Martin P},
  booktitle={Proceedings of the 33rd International Conference on Software Engineering},
  pages={351--360},
  year={2011},
  organization={ACM}
}

@article{murphy2012we,
  title={How we refactor, and how we know it},
  author={Murphy-Hill, Emerson and Parnin, Chris and Black, Andrew P},
  journal={Software Engineering, IEEE Transactions on},
  volume={38},
  number={1},
  pages={5--18},
  year={2012},
  publisher={IEEE}
}

@inproceedings{herzig2013impact,
  title={The impact of tangled code changes},
  author={Herzig, Kim and Zeller, Andreas},
  booktitle={Mining Software Repositories (MSR), 2013 10th IEEE Working Conference on},
  pages={121--130},
  year={2013},
  organization={IEEE}
}

@inproceedings{zhang2015interactive,
  title={Interactive code review for systematic changes},
  author={Zhang, Tianyi and Song, Myoungkyu and Pinedo, Joseph and Kim, Miryung},
  booktitle={Proceedings of the 37th International Conference on Software Engineering-Volume 1},
  pages={111--122},
  year={2015},
  organization={IEEE Press}
}

@inproceedings{tao2015partitioning,
  title={Partitioning composite code changes to facilitate code review},
  author={Tao, Yida and Kim, Sunghun},
  booktitle={Mining Software Repositories (MSR), 2015 IEEE/ACM 12th Working Conference on},
  pages={180--190},
  year={2015},
  organization={IEEE}
}

@inproceedings{beller2014modern,
  title={Modern code reviews in open-source projects: Which problems do they fix?},
  author={Beller, Moritz and Bacchelli, Alberto and Zaidman, Andy and Juergens, Elmar},
  booktitle={Proceedings of the 11th working conference on mining software repositories},
  pages={202--211},
  year={2014},
  organization={ACM}
}

@inproceedings{weiser1981program,
  title={Program slicing},
  author={Weiser, Mark},
  booktitle={Proceedings of the 5th international conference on Software engineering},
  pages={439--449},
  year={1981},
  organization={IEEE Press}
}